3106 4994
446 1737 939 1848 PRAEFATIO

205 2024 366 2131 Eustathi
401 2067 645 2130 commentarios
684 2063 872 2128 Homericos
910 2065 1028 2128 multas
1068 2071 1099 2128 ct
1128 2065 1229 2129 bonas
1266 2086 1284 2130 e

117 2179 262 2237 veterum
285 2175 565 2257 grammaticorum
588 2172 680 2234 libris
700 2172 854 2254 reliquias
878 2172 1042 2234 continere
1065 2173 1149 2234 iuter
1173 2192 1284 2236 omnes

117 2286 248 2343 constat.
285 2301 363 2362 quae
392 2279 533 2362 dispersa
562 2279 670 2342 doctae
694 2278 885 2341 eruditionis
915 2278 1106 2340 documenta
1133 2279 1283 2362 colligere

118 2392 150 2449 et
172 2363 211 2448 ab
234 2387 365 2468 ineptiis
390 2387 554 2468 scriptoris
585 2384 759 2466 Byzantini
788 2404 953 2448 secernere
982 2389 1013 2447 et
1042 2404 1100 2447 suo
1131 2385 1283 2469 quodque

118 2493 239 2555 auctori
295 2493 458 2555 vindicare
508 2493 648 2554 maxime
694 2492 909 2554 necessarium
953 2497 1009 2554 est.
1070 2497 1151 2555 amat
1196 2493 1284 2555 enim

117 2599 305 2662 Eustathius
329 2609 449 2662 morem
473 2599 561 2660 illius
585 2599 698 2661 aetatis
722 2617 860 2680 sequens
885 2617 977 2681 saepe
1000 2604 1164 2662 auctorem
1188 2619 1285 2662 suum

117 2725 184 2768 non
207 2707 373 2768 nominare
398 2710 429 2767 et
453 2725 534 2787 quae
558 2725 598 2768 ex
618 2704 761 2768 fontibus
786 2706 855 2767 suis
872 2704 1022 2768 describit
1044 2705 1097 2769 vel
1121 2711 1285 2788 tamquam

118 2831 177 2873 sua
210 2812 350 2894 proferre
385 2811 437 2873 vel
472 2810 612 2874 breviter
647 2810 827 2893 significare
863 2829 896 2874 se
933 2816 1122 2891 ‚‚reterum“
1159 2812 1284 2876 tradere

117 2917 302 2980 doctrinam.
348 2919 458 3000 itaque
481 2937 547 2980 non
570 2919 690 2979 mirum
714 2917 801 3002 quod
825 2919 921 2980 etiam
944 2918 1004 2980 hoc
1032 2923 1172 3001 tempore
1197 2919 1285 2982 haud

119 3043 191 3086 raro
216 3044 234 3086 a
256 3025 337 3086 viris
361 3025 463 3087 doctis
488 3023 677 3104 „Eustathi“
695 3025 877 3087 testimonia
901 3024 1086 3106 afferuntur,
1101 3032 1284 3088 cumvetus

120 3130 252 3212 quidam
274 3132 501 3213 grammaticus
524 3131 706 3193 laudandus
740 3131 845 3194 fuerit.
869 3136 906 3193 ut
939 3132 1067 3214 insigne
1099 3132 1284 3215 exemplum

119 3236 256 3317 afferam,
279 3235 382 3298 abeis
406 3239 462 3319 qui
487 3237 524 3299 de
544 3235 739 3300 Graecorum
760 3237 889 3300 lusibus
908 3238 1053 3301 scribunt
1075 3240 1171 3301 etiam
1194 3257 1283 3300 nunc

117 3341 306 3405 Eustathius
323 3341 412 3404 solus
429 3361 552 3426 semper
567 3344 658 3405 testis
681 3342 838 3424 landatur,
862 3364 936 3406 cum
951 3346 986 3406 in
1009 3343 1076 3408 illis
1093 3345 1284 3409 enarrandis

115 3448 322 3511 Eustathium
350 3447 541 3512 Suetonium
568 3447 791 3532 Tranquillum
820 3456 966 3513 secutum
995 3471 1063 3515 esse
1095 3453 1161 3514 iam
1188 3453 1282 3515 intel-

116 3554 235 3616 lectum
259 3556 307 3618 sit.
342 3555 450 3637 itaque
473 3574 547 3618 cum
571 3575 654 3617 anno
671 3555 765 3619 ,1876
789 3556 865 3618 crdo
881 3557 1145 3640 philosophorum
1160 3557 1284 3622 Vratis-

117 3660 270 3722 laviensis
297 3661 379 3724 hanc
403 3663 624 3743 quaestionem
647 3668 684 3725 ut
707 3667 866 3725 certamen
889 3663 979 3726 ficret
1006 3664 1282 3728 commilitonibus

116 3768 348 3848 proposuisset:
396 3769 574 3848 „Auctores
603 3767 641 3830 ab
665 3767 832 3832 Eustathio
867 3770 902 3832 in
936 3771 1066 3833 scholiis
1099 3769 1283 3834 Homericis

117 3872 250 3934 adhibiti
285 3874 510 3958 indagentur“‚
544 3879 633 3937 vasta
666 3875 721 3937 illa
761 3878 1071 3949 commentariorum.
1097 3878 1179 3940 mole
1215 3898 1283 3940 non

117 3980 286 4042 deterritus
315 3981 354 4042 ad
383 3999 452 4042 eam
478 3983 700 4063 quaestionem
728 3983 846 4045 accessi
883 3984 1029 4066 mihique
1064 3985 1216 4067 contigit,
1246 3991 1283 4048 ut

57 4131 60 4140 .
118 4085 193 4148 ordo
210 4087 507 4149 commentationem
522 4107 626 4150 meam
640 4089 780 4170 praemio
793 4091 967 4152 constituto
985 4096 1117 4153 ornaret.
1143 4111 1283 4172 quornm

119 4192 299 4256 studiorum
329 4195 488 4276 specimen
517 4193 599 4256 hanc
623 4194 878 4256 dissertationem
894 4214 963 4258 esse
986 4197 1084 4260 volui.

206 4297 294 4373 Quae
330 4300 434 4363 adhuc
463 4301 525 4362 viri
561 4301 646 4363 docti
669 4303 704 4363 in
727 4301 787 4362 hoc
811 4301 992 4364 studiorum
1016 4321 1124 4385 campo
1147 4305 1282 4386 praesti-

117 4410 233 4486 terunt,
260 4425 296 4468 ea
319 4413 356 4468 ut
377 4419 594 4490 perscrutarer
617 4427 743 4470 omnem
768 4408 839 4470 dedi
872 4428 1006 4494 operam.
1037 4428 1146 4501 omnes
1175 4415 1281 4472 autem

1123 4532 1138 4583 1
