<?xml version="1.0" encoding="UTF-8"?>
<!DOCTYPE html PUBLIC "-//W3C//DTD XHTML 1.0 Transitional//EN"
    "http://www.w3.org/TR/xhtml1/DTD/xhtml1-transitional.dtd">
<html xmlns="http://www.w3.org/1999/xhtml" xml:lang="en" lang="en">
 <head>
  <title>
</title>
<meta http-equiv="Content-Type" content="text/html;charset=utf-8" />
  <meta name='ocr-system' content='tesseract 3.04.00' />
  <meta name='ocr-capabilities' content='ocr_page ocr_carea ocr_par ocr_line ocrx_word'/>
</head>
<body>
  <div class='ocr_page' id='page_1' title='image "./quaestioneseust00cohngoog_0025.png"; bbox 0 0 3106 4994; ppageno 0'>
   <div class='ocr_carea' id='block_1_1' title="bbox 228 489 1399 581">
    <p class='ocr_par' dir='ltr' id='par_1_1' title="bbox 228 489 1399 581">
     <span class='ocr_line' id='line_1_1' title="bbox 228 489 1399 581; baseline 0.011 -34"><span class='ocrx_word' id='word_1_1' title='bbox 228 489 388 547; x_wconf 80' lang='lat' dir='ltr'>Rulmlreni</span> <span class='ocrx_word' id='word_1_2' title='bbox 400 490 605 564; x_wconf 77' lang='lat' dir='ltr'>eonieetiuam,</span> <span class='ocrx_word' id='word_1_3' title='bbox 627 491 716 551; x_wconf 82' lang='lat' dir='ltr'>lexiei</span> <span class='ocrx_word' id='word_1_4' title='bbox 732 494 814 552; x_wconf 91' lang='lat' dir='ltr'>illius</span> <span class='ocrx_word' id='word_1_5' title='bbox 830 496 1001 571; x_wconf 80' lang='lat' dir='ltr'>scriptorem</span> <span class='ocrx_word' id='word_1_6' title='bbox 1016 515 1083 555; x_wconf 90' lang='lat' dir='ltr'>esse</span> <span class='ocrx_word' id='word_1_7' title='bbox 1099 495 1399 581; x_wconf 83' lang='lat' dir='ltr'>Orumliilesiuml),</span> 
     </span>
    </p>
   </div>
   <div class='ocr_carea' id='block_1_2' title="bbox 107 593 1398 684">
    <p class='ocr_par' dir='ltr' id='par_1_2' title="bbox 107 593 1398 684">
     <span class='ocr_line' id='line_1_2' title="bbox 107 593 1398 684; baseline 0.013 -36"><span class='ocrx_word' id='word_1_8' title='bbox 107 618 111 626; x_wconf 93' lang='lat'>·</span> <span class='ocrx_word' id='word_1_9' title='bbox 229 611 318 667; x_wconf 90' lang='lat' dir='ltr'>quem</span> <span class='ocrx_word' id='word_1_10' title='bbox 346 593 487 651; x_wconf 83' lang='lat' dir='ltr'>adversus</span> <span class='ocrx_word' id='word_1_11' title='bbox 515 594 716 667; x_wconf 74' lang='lat' dir='ltr'>Phryniohum</span> <span class='ocrx_word' id='word_1_12' title='bbox 743 597 908 656; x_wconf 77' lang='lat' dir='ltr'>Atticistam</span> <span class='ocrx_word' id='word_1_13' title='bbox 950 599 1103 676; x_wconf 81' lang='lat' dir='ltr'>scripsisse</span> <span class='ocrx_word' id='word_1_14' title='bbox 1143 601 1220 661; x_wconf 75' lang='grc' dir='ltr'><strong>κατὰ</strong></span> <span class='ocrx_word' id='word_1_15' title='bbox 1248 609 1398 684; x_wconf 81' lang='grc' dir='ltr'><strong>στοιχεῖον</strong></span> 
     </span>
    </p>
   </div>
   <div class='ocr_carea' id='block_1_3' title="bbox 224 688 1398 3644">
    <p class='ocr_par' dir='ltr' id='par_1_3' title="bbox 224 688 1398 3644">
     <span class='ocr_line' id='line_1_3' title="bbox 229 688 1398 782; baseline 0.013 -31"><span class='ocrx_word' id='word_1_16' title='bbox 229 699 342 751; x_wconf 74' lang='lat' dir='ltr'>constat</span> <span class='ocrx_word' id='word_1_17' title='bbox 368 693 413 770; x_wconf 83' lang='lat' dir='ltr'>(ef.</span> <span class='ocrx_word' id='word_1_18' title='bbox 438 695 517 754; x_wconf 87' lang='lat' dir='ltr'>Suid.</span> <span class='ocrx_word' id='word_1_19' title='bbox 543 713 564 752; x_wconf 84' lang='lat' dir='ltr'>s</span> <span class='ocrx_word' id='word_1_20' title='bbox 588 696 635 773; x_wconf 75' lang='lat' dir='ltr'>u),</span> <span class='ocrx_word' id='word_1_21' title='bbox 664 688 898 760; x_wconf 80' lang='lat' dir='ltr'>luculentissime</span> <span class='ocrx_word' id='word_1_22' title='bbox 921 701 1061 778; x_wconf 84' lang='lat' dir='ltr'>probaret</span> <span class='ocrx_word' id='word_1_23' title='bbox 1113 703 1272 762; x_wconf 80' lang='lat' dir='ltr'>ridendum</span> <span class='ocrx_word' id='word_1_24' title='bbox 1295 707 1398 782; x_wconf 86' lang='lat' dir='ltr'>igitur,</span> 
     </span>
     <span class='ocr_line' id='line_1_4' title="bbox 228 794 1398 884; baseline 0.013 -31"><span class='ocrx_word' id='word_1_25' title='bbox 228 814 300 854; x_wconf 91' lang='lat' dir='ltr'>num</span> <span class='ocrx_word' id='word_1_26' title='bbox 324 794 400 854; x_wconf 89' lang='lat' dir='ltr'>Orus</span> <span class='ocrx_word' id='word_1_27' title='bbox 422 798 645 874; x_wconf 73' lang='lat' dir='ltr'>Aristophanem</span> <span class='ocrx_word' id='word_1_28' title='bbox 668 799 842 872; x_wconf 84' lang='lat' dir='ltr'>Byzantium</span> <span class='ocrx_word' id='word_1_29' title='bbox 864 803 1037 863; x_wconf 84' lang='lat' dir='ltr'>adhibuerit</span> <span class='ocrx_word' id='word_1_30' title='bbox 1082 822 1116 862; x_wconf 86' lang='lat' dir='ltr'>ae</span> <span class='ocrx_word' id='word_1_31' title='bbox 1131 805 1259 880; x_wconf 90' lang='lat' dir='ltr'>primum</span> <span class='ocrx_word' id='word_1_32' title='bbox 1274 809 1398 884; x_wconf 89' lang='lat' dir='ltr'>quidem</span> 
     </span>
     <span class='ocr_line' id='line_1_5' title="bbox 229 895 1281 986; baseline 0.013 -31"><span class='ocrx_word' id='word_1_33' title='bbox 229 895 280 956; x_wconf 89' lang='lat' dir='ltr'>Ori</span> <span class='ocrx_word' id='word_1_34' title='bbox 303 903 333 956; x_wconf 91' lang='lat' dir='ltr'>et</span> <span class='ocrx_word' id='word_1_35' title='bbox 354 899 557 976; x_wconf 82' lang='lat' dir='ltr'>Aristophanis</span> <span class='ocrx_word' id='word_1_36' title='bbox 579 901 707 975; x_wconf 80' lang='lat' dir='ltr'>glossam</span> <span class='ocrx_word' id='word_1_37' title='bbox 731 901 781 979; x_wconf 88' lang='lat' dir='ltr'>(ex</span> <span class='ocrx_word' id='word_1_38' title='bbox 803 921 859 962; x_wconf 84' lang='lat' dir='ltr'>ern.</span> <span class='ocrx_word' id='word_1_39' title='bbox 882 905 1004 986; x_wconf 79' lang='lat' dir='ltr'>Nauck.)</span> <span class='ocrx_word' id='word_1_40' title='bbox 1028 907 1109 965; x_wconf 84' lang='lat' dir='ltr'>iuxta</span> <span class='ocrx_word' id='word_1_41' title='bbox 1131 909 1281 983; x_wconf 89' lang='lat' dir='ltr'>ponimus:</span> 
     </span>
     <span class='ocr_line' id='line_1_6' title="bbox 272 994 1392 1096; baseline 0.014 -40"><span class='ocrx_word' id='word_1_42' title='bbox 272 1001 327 1074; x_wconf 85' lang='lat' dir='ltr'>frg.</span> <span class='ocrx_word' id='word_1_43' title='bbox 350 1001 441 1060; x_wconf 86' lang='lat' dir='ltr'>Paris.</span> <span class='ocrx_word' id='word_1_44' title='bbox 471 1005 486 1074; x_wconf 66' lang='grc' dir='ltr'><strong>ξ</strong></span> <span class='ocrx_word' id='word_1_45' title='bbox 513 1009 527 1062; x_wconf 90' lang='grc'>1</span> <span class='ocrx_word' id='word_1_46' title='bbox 554 994 626 1061; x_wconf 84' lang='grc' dir='ltr'>Ὅτι</span> <span class='ocrx_word' id='word_1_47' title='bbox 648 1001 710 1063; x_wconf 79' lang='grc' dir='ltr'>ἔστι</span> <span class='ocrx_word' id='word_1_48' title='bbox 732 1003 784 1064; x_wconf 82' lang='grc' dir='ltr'>καὶ</span> <span class='ocrx_word' id='word_1_49' title='bbox 808 1021 811 1070; x_wconf 74' lang='grc' dir='ltr'><strong>ν</strong></span> <span class='ocrx_word' id='word_1_50' title='bbox 836 1009 955 1068; x_wconf 87' lang='lat' dir='ltr'>Antiatt.</span> <span class='ocrx_word' id='word_1_51' title='bbox 993 1015 1042 1084; x_wconf 84' lang='lat'>77,</span> <span class='ocrx_word' id='word_1_52' title='bbox 1071 1016 1089 1073; x_wconf 84' lang='lat'>5</span> <span class='ocrx_word' id='word_1_53' title='bbox 1117 1005 1291 1096; x_wconf 73' lang='grc' dir='ltr'>Ἀθηναίαν·</span> <span class='ocrx_word' id='word_1_54' title='bbox 1334 1007 1392 1074; x_wconf 77' lang='lat' dir='ltr'>eda</span> 
     </span>
     <span class='ocr_line' id='line_1_7' title="bbox 227 1094 974 1196; baseline 0.017 -36"><span class='ocrx_word' id='word_1_55' title='bbox 227 1094 386 1183; x_wconf 77' lang='grc' dir='ltr'>ἈθηναίαΙ</span> <span class='ocrx_word' id='word_1_56' title='bbox 424 1105 511 1185; x_wconf 71' lang='grc' dir='ltr'><strong>γυνή,</strong></span> <span class='ocrx_word' id='word_1_57' title='bbox 558 1098 659 1184; x_wconf 75' lang='grc' dir='ltr'>ὥσπερ</span> <span class='ocrx_word' id='word_1_58' title='bbox 706 1101 782 1188; x_wconf 80' lang='grc' dir='ltr'><strong>ἀνὴρ</strong></span> <span class='ocrx_word' id='word_1_59' title='bbox 808 1117 810 1196; x_wconf 57' lang='lat' dir='ltr'>l</span> <span class='ocrx_word' id='word_1_60' title='bbox 833 1103 974 1195; x_wconf 74' lang='grc' dir='ltr'><strong>Ἀττικήν.</strong></span> 
     </span>
     <span class='ocr_line' id='line_1_8' title="bbox 226 1195 395 1286; baseline -0.006 -23"><span class='ocrx_word' id='word_1_61' title='bbox 226 1195 395 1286; x_wconf 71' lang='grc' dir='ltr'><strong>Ἀθηναῖος.</strong></span> 
     </span>
     <span class='ocr_line' id='line_1_9' title="bbox 231 1305 1393 1388; baseline 0.006 -25"><span class='ocrx_word' id='word_1_62' title='bbox 231 1305 281 1364; x_wconf 87' lang='lat' dir='ltr'>Ori</span> <span class='ocrx_word' id='word_1_63' title='bbox 297 1307 460 1366; x_wconf 87' lang='lat' dir='ltr'>observatio</span> <span class='ocrx_word' id='word_1_64' title='bbox 475 1326 554 1367; x_wconf 83' lang='lat' dir='ltr'>nune</span> <span class='ocrx_word' id='word_1_65' title='bbox 565 1310 668 1367; x_wconf 87' lang='lat' dir='ltr'>mutila</span> <span class='ocrx_word' id='word_1_66' title='bbox 679 1311 721 1368; x_wconf 86' lang='lat' dir='ltr'>sie</span> <span class='ocrx_word' id='word_1_67' title='bbox 733 1310 905 1388; x_wconf 82' lang='lat' dir='ltr'>explicanda</span> <span class='ocrx_word' id='word_1_68' title='bbox 927 1315 987 1370; x_wconf 90' lang='lat' dir='ltr'>est:</span> <span class='ocrx_word' id='word_1_69' title='bbox 1012 1307 1166 1370; x_wconf 83' lang='lat' dir='ltr'>mulierem</span> <span class='ocrx_word' id='word_1_70' title='bbox 1181 1312 1393 1372; x_wconf 71' lang='lat' dir='ltr'>Atheniensem</span> 
     </span>
     <span class='ocr_line' id='line_1_10' title="bbox 226 1400 1395 1496; baseline 0.004 -29"><span class='ocrx_word' id='word_1_71' title='bbox 226 1400 389 1490; x_wconf 64' lang='lat' dir='ltr'>henaena</span> <span class='ocrx_word' id='word_1_72' title='bbox 412 1428 498 1485; x_wconf 86' lang='lat' dir='ltr'>posse</span> <span class='ocrx_word' id='word_1_73' title='bbox 521 1412 669 1488; x_wconf 75' lang='lat' dir='ltr'>appellari,</span> <span class='ocrx_word' id='word_1_74' title='bbox 696 1431 754 1470; x_wconf 89' lang='lat' dir='ltr'>non</span> <span class='ocrx_word' id='word_1_75' title='bbox 783 1413 878 1471; x_wconf 89' lang='lat' dir='ltr'>solnm</span> <span class='ocrx_word' id='word_1_76' title='bbox 901 1407 1030 1496; x_wconf 76' lang='grc' dir='ltr'><strong>Ἀττικήν</strong></span> <span class='ocrx_word' id='word_1_77' title='bbox 1066 1414 1124 1491; x_wconf 84' lang='lat' dir='ltr'>(vel</span> <span class='ocrx_word' id='word_1_78' title='bbox 1156 1407 1269 1496; x_wconf 77' lang='grc' dir='ltr'><strong>ἀστήν),</strong></span> <span class='ocrx_word' id='word_1_79' title='bbox 1292 1432 1395 1490; x_wconf 88' lang='lat' dir='ltr'>quem·</span> 
     </span>
     <span class='ocr_line' id='line_1_11' title="bbox 229 1511 1395 1592; baseline 0.005 -24"><span class='ocrx_word' id='word_1_80' title='bbox 229 1511 386 1570; x_wconf 87' lang='lat' dir='ltr'>admodum</span> <span class='ocrx_word' id='word_1_81' title='bbox 410 1512 528 1571; x_wconf 87' lang='lat' dir='ltr'>iubeant</span> <span class='ocrx_word' id='word_1_82' title='bbox 559 1514 716 1573; x_wconf 85' lang='lat' dir='ltr'>Atticistae.</span> <span class='ocrx_word' id='word_1_83' title='bbox 762 1515 889 1590; x_wconf 90' lang='lat' dir='ltr'>insignis</span> <span class='ocrx_word' id='word_1_84' title='bbox 918 1521 964 1574; x_wconf 88' lang='lat' dir='ltr'>est</span> <span class='ocrx_word' id='word_1_85' title='bbox 991 1516 1028 1575; x_wconf 91' lang='lat' dir='ltr'>de</span> <span class='ocrx_word' id='word_1_86' title='bbox 1056 1517 1111 1575; x_wconf 87' lang='lat' dir='ltr'>hoe</span> <span class='ocrx_word' id='word_1_87' title='bbox 1133 1517 1271 1575; x_wconf 78' lang='lat' dir='ltr'>vuabulo</span> <span class='ocrx_word' id='word_1_88' title='bbox 1294 1516 1395 1592; x_wconf 90' lang='lat' dir='ltr'>dispu-</span> 
     </span>
     <span class='ocr_line' id='line_1_12' title="bbox 229 1609 1392 1698; baseline 0.005 -28"><span class='ocrx_word' id='word_1_89' title='bbox 229 1613 298 1671; x_wconf 87' lang='lat' dir='ltr'>tatio</span> <span class='ocrx_word' id='word_1_90' title='bbox 328 1614 434 1673; x_wconf 82' lang='lat' dir='ltr'>Suidae</span> <span class='ocrx_word' id='word_1_91' title='bbox 464 1633 486 1672; x_wconf 82' lang='lat' dir='ltr'>s,</span> <span class='ocrx_word' id='word_1_92' title='bbox 510 1609 732 1698; x_wconf 72' lang='grc' dir='ltr'><strong>ν’..Ἀθηναίας</strong></span> <span class='ocrx_word' id='word_1_93' title='bbox 763 1619 800 1677; x_wconf 91' lang='lat' dir='ltr'>de</span> <span class='ocrx_word' id='word_1_94' title='bbox 830 1637 887 1694; x_wconf 91' lang='lat' dir='ltr'>qua</span> <span class='ocrx_word' id='word_1_95' title='bbox 915 1618 1014 1692; x_wconf 83' lang='lat' dir='ltr'>Bergk</span> <span class='ocrx_word' id='word_1_96' title='bbox 1042 1618 1061 1676; x_wconf 91' lang='lat' dir='ltr'>l.</span> <span class='ocrx_word' id='word_1_97' title='bbox 1084 1618 1104 1677; x_wconf 90' lang='lat' dir='ltr'>l.</span> <span class='ocrx_word' id='word_1_98' title='bbox 1134 1619 1205 1678; x_wconf 86' lang='lat' dir='ltr'>haee</span> <span class='ocrx_word' id='word_1_99' title='bbox 1232 1618 1392 1676; x_wconf 81' lang='lat' dir='ltr'>adnotavit:</span> 
     </span>
     <span class='ocr_line' id='line_1_13' title="bbox 230 1715 1394 1796; baseline 0.004 -22"><span class='ocrx_word' id='word_1_100' title='bbox 230 1715 328 1788; x_wconf 80' lang='lat' dir='ltr'>„Haec</span> <span class='ocrx_word' id='word_1_101' title='bbox 351 1717 455 1776; x_wconf 83' lang='lat' dir='ltr'>Suidas</span> <span class='ocrx_word' id='word_1_102' title='bbox 483 1736 580 1794; x_wconf 84' lang='lat' dir='ltr'>neque</span> <span class='ocrx_word' id='word_1_103' title='bbox 615 1738 653 1778; x_wconf 84' lang='lat' dir='ltr'>ex</span> <span class='ocrx_word' id='word_1_104' title='bbox 686 1721 868 1793; x_wconf 78' lang='lat' dir='ltr'>Phrynicho·</span> <span class='ocrx_word' id='word_1_105' title='bbox 887 1739 984 1796; x_wconf 90' lang='lat' dir='ltr'>neque</span> <span class='ocrx_word' id='word_1_106' title='bbox 1011 1739 1049 1778; x_wconf 87' lang='lat' dir='ltr'>ex</span> <span class='ocrx_word' id='word_1_107' title='bbox 1082 1720 1243 1778; x_wconf 84' lang='lat' dir='ltr'>Pausaniae</span> <span class='ocrx_word' id='word_1_108' title='bbox 1277 1720 1394 1779; x_wconf 80' lang='lat' dir='ltr'>Aeliive</span> 
     </span>
     <span class='ocr_line' id='line_1_14' title="bbox 229 1817 1394 1899; baseline 0.004 -24"><span class='ocrx_word' id='word_1_109' title='bbox 229 1817 364 1891; x_wconf 87' lang='lat' dir='ltr'>Dionysii</span> <span class='ocrx_word' id='word_1_110' title='bbox 387 1819 491 1878; x_wconf 72' lang='lat' dir='ltr'>lemeis</span> <span class='ocrx_word' id='word_1_111' title='bbox 513 1822 639 1897; x_wconf 86' lang='lat' dir='ltr'>repetiit,</span> <span class='ocrx_word' id='word_1_112' title='bbox 663 1823 716 1881; x_wconf 86' lang='lat' dir='ltr'>sed</span> <span class='ocrx_word' id='word_1_113' title='bbox 743 1841 781 1880; x_wconf 86' lang='lat' dir='ltr'>ex</span> <span class='ocrx_word' id='word_1_114' title='bbox 807 1823 1011 1896; x_wconf 74' lang='lat' dir='ltr'>Antiattieista,</span> <span class='ocrx_word' id='word_1_115' title='bbox 1046 1824 1097 1899; x_wconf 91' lang='lat' dir='ltr'>qui</span> <span class='ocrx_word' id='word_1_116' title='bbox 1125 1829 1159 1882; x_wconf 90' lang='lat' dir='ltr'>ut</span> <span class='ocrx_word' id='word_1_117' title='bbox 1191 1824 1394 1882; x_wconf 81' lang='lat' dir='ltr'>Atticistanrm</span> 
     </span>
     <span class='ocr_line' id='line_1_15' title="bbox 228 1917 1394 2008; baseline 0.007 -32"><span class='ocrx_word' id='word_1_118' title='bbox 228 1920 416 1980; x_wconf 87' lang='lat' dir='ltr'>notissimum</span> <span class='ocrx_word' id='word_1_119' title='bbox 438 1923 512 1980; x_wconf 91' lang='lat' dir='ltr'>illud</span> <span class='ocrx_word' id='word_1_120' title='bbox 540 1930 727 2000; x_wconf 77' lang='lat' dir='ltr'>praeceptum</span> <span class='ocrx_word' id='word_1_121' title='bbox 756 1925 910 1984; x_wconf 90' lang='lat' dir='ltr'>mulierem</span> <span class='ocrx_word' id='word_1_122' title='bbox 941 1917 1074 2008; x_wconf 76' lang='grc' dir='ltr'><strong>Ἀττικήν</strong></span> <span class='ocrx_word' id='word_1_123' title='bbox 1108 1926 1171 1984; x_wconf 90' lang='lat' dir='ltr'>sive</span> <span class='ocrx_word' id='word_1_124' title='bbox 1199 1920 1300 2008; x_wconf 74' lang='grc' dir='ltr'><strong>ἀστήν,</strong></span> <span class='ocrx_word' id='word_1_125' title='bbox 1331 1944 1394 1994; x_wconf 64' lang='grc' dir='ltr'>4ιιοιι</span> 
     </span>
     <span class='ocr_line' id='line_1_16' title="bbox 226 2001 1392 2104; baseline 0.004 -23"><span class='ocrx_word' id='word_1_126' title='bbox 226 2015 390 2104; x_wconf 77' lang='grc' dir='ltr'><strong>Ἀθηναίαν</strong></span> <span class='ocrx_word' id='word_1_127' title='bbox 414 2042 481 2083; x_wconf 89' lang='lat' dir='ltr'>esse</span> <span class='ocrx_word' id='word_1_128' title='bbox 493 2025 646 2084; x_wconf 78' lang='lat' dir='ltr'>dicendam</span> <span class='ocrx_word' id='word_1_129' title='bbox 661 2026 860 2102; x_wconf 84' lang='lat' dir='ltr'>redargueret,</span> <span class='ocrx_word' id='word_1_130' title='bbox 872 2001 1005 2086; x_wconf 82' lang='lat' dir='ltr'>adhibuit</span> <span class='ocrx_word' id='word_1_131' title='bbox 1021 2029 1099 2086; x_wconf 84' lang='lat' dir='ltr'>hune</span> <span class='ocrx_word' id='word_1_132' title='bbox 1115 2027 1236 2086; x_wconf 89' lang='lat' dir='ltr'>Pindari</span> <span class='ocrx_word' id='word_1_133' title='bbox 1247 2030 1392 2086; x_wconf 83' lang='lat' dir='ltr'>versum“.</span> 
     </span>
     <span class='ocr_line' id='line_1_17' title="bbox 230 2124 1392 2206; baseline 0.006 -23"><span class='ocrx_word' id='word_1_134' title='bbox 230 2124 351 2183; x_wconf 75' lang='lat' dir='ltr'>Siridam</span> <span class='ocrx_word' id='word_1_135' title='bbox 372 2135 472 2185; x_wconf 88' lang='lat' dir='ltr'>autem</span> <span class='ocrx_word' id='word_1_136' title='bbox 494 2128 651 2203; x_wconf 82' lang='lat' dir='ltr'>integriore</span> <span class='ocrx_word' id='word_1_137' title='bbox 680 2130 827 2206; x_wconf 75' lang='lat' dir='ltr'>opusculo,</span> <span class='ocrx_word' id='word_1_138' title='bbox 856 2149 944 2206; x_wconf 89' lang='lat' dir='ltr'>quam</span> <span class='ocrx_word' id='word_1_139' title='bbox 971 2147 1050 2188; x_wconf 83' lang='lat' dir='ltr'>nune</span> <span class='ocrx_word' id='word_1_140' title='bbox 1076 2134 1180 2202; x_wconf 84' lang='lat' dir='ltr'>exstat,</span> <span class='ocrx_word' id='word_1_141' title='bbox 1208 2147 1392 2190; x_wconf 83' lang='lat' dir='ltr'>assensum</span> 
     </span>
     <span class='ocr_line' id='line_1_18' title="bbox 230 2227 1393 2309; baseline 0.005 -24"><span class='ocrx_word' id='word_1_142' title='bbox 230 2227 443 2300; x_wconf 71' lang='lat' dir='ltr'>,Antiattioista</span> <span class='ocrx_word' id='word_1_143' title='bbox 488 2236 586 2289; x_wconf 87' lang='lat' dir='ltr'>antem</span> <span class='ocrx_word' id='word_1_144' title='bbox 636 2231 752 2290; x_wconf 70' lang='lat' dir='ltr'>ridetur</span> <span class='ocrx_word' id='word_1_145' title='bbox 796 2233 851 2290; x_wconf 86' lang='lat' dir='ltr'>hoo</span> <span class='ocrx_word' id='word_1_146' title='bbox 895 2233 1064 2309; x_wconf 86' lang='lat' dir='ltr'>exemplum</span> <span class='ocrx_word' id='word_1_147' title='bbox 1110 2251 1148 2291; x_wconf 85' lang='lat' dir='ltr'>ex</span> <span class='ocrx_word' id='word_1_148' title='bbox 1198 2233 1393 2309; x_wconf 86' lang='lat' dir='ltr'>Aristophane</span> 
     </span>
     <span class='ocr_line' id='line_1_19' title="bbox 229 2331 1393 2410; baseline 0.004 -23"><span class='ocrx_word' id='word_1_149' title='bbox 229 2331 417 2404; x_wconf 83' lang='lat' dir='ltr'>grammatico</span> <span class='ocrx_word' id='word_1_150' title='bbox 433 2331 650 2408; x_wconf 79' lang='lat' dir='ltr'>descripsisse.“</span> <span class='ocrx_word' id='word_1_151' title='bbox 697 2334 803 2394; x_wconf 85' lang='lat' dir='ltr'>Suidae</span> <span class='ocrx_word' id='word_1_152' title='bbox 815 2335 926 2393; x_wconf 89' lang='lat' dir='ltr'>fontem</span> <span class='ocrx_word' id='word_1_153' title='bbox 936 2352 1030 2392; x_wconf 89' lang='lat' dir='ltr'>unum</span> <span class='ocrx_word' id='word_1_154' title='bbox 1041 2351 1107 2394; x_wconf 90' lang='lat' dir='ltr'>esse</span> <span class='ocrx_word' id='word_1_155' title='bbox 1120 2332 1210 2393; x_wconf 84' lang='lat' dir='ltr'>Onrm</span> <span class='ocrx_word' id='word_1_156' title='bbox 1226 2335 1393 2410; x_wconf 83' lang='lat' dir='ltr'>negandum</span> 
     </span>
     <span class='ocr_line' id='line_1_20' title="bbox 230 2434 1392 2512; baseline 0.005 -22"><span class='ocrx_word' id='word_1_157' title='bbox 230 2437 282 2490; x_wconf 89' lang='lat' dir='ltr'>est.</span> <span class='ocrx_word' id='word_1_158' title='bbox 321 2434 458 2509; x_wconf 85' lang='lat' dir='ltr'>equidem</span> <span class='ocrx_word' id='word_1_159' title='bbox 481 2434 590 2494; x_wconf 89' lang='lat' dir='ltr'>Naberi</span> <span class='ocrx_word' id='word_1_160' title='bbox 613 2453 719 2512; x_wconf 88' lang='lat' dir='ltr'>sequor</span> <span class='ocrx_word' id='word_1_161' title='bbox 740 2434 976 2512; x_wconf 69' lang='lat' dir='ltr'>alletoritatem.²)</span> <span class='ocrx_word' id='word_1_162' title='bbox 1016 2435 1123 2496; x_wconf 87' lang='lat' dir='ltr'>Suidae</span> <span class='ocrx_word' id='word_1_163' title='bbox 1138 2436 1236 2512; x_wconf 83' lang='lat' dir='ltr'>glossa</span> <span class='ocrx_word' id='word_1_164' title='bbox 1259 2456 1276 2497; x_wconf 90' lang='lat' dir='ltr'>e</span> <span class='ocrx_word' id='word_1_165' title='bbox 1299 2438 1392 2496; x_wconf 88' lang='lat' dir='ltr'>tribus</span> 
     </span>
     <span class='ocr_line' id='line_1_21' title="bbox 229 2535 1391 2617; baseline 0.003 -24"><span class='ocrx_word' id='word_1_166' title='bbox 229 2535 359 2611; x_wconf 88' lang='lat' dir='ltr'>partibus</span> <span class='ocrx_word' id='word_1_167' title='bbox 383 2542 428 2596; x_wconf 90' lang='lat' dir='ltr'>est</span> <span class='ocrx_word' id='word_1_168' title='bbox 451 2538 616 2614; x_wconf 85' lang='lat' dir='ltr'>composita,</span> <span class='ocrx_word' id='word_1_169' title='bbox 644 2557 768 2614; x_wconf 84' lang='lat' dir='ltr'>quarum</span> <span class='ocrx_word' id='word_1_170' title='bbox 796 2539 890 2616; x_wconf 83' lang='lat' dir='ltr'>prima</span> <span class='ocrx_word' id='word_1_171' title='bbox 913 2559 950 2599; x_wconf 85' lang='lat' dir='ltr'>ex</span> <span class='ocrx_word' id='word_1_172' title='bbox 972 2539 1039 2598; x_wconf 89' lang='lat' dir='ltr'>Aeh</span> <span class='ocrx_word' id='word_1_173' title='bbox 1065 2539 1190 2614; x_wconf 84' lang='lat' dir='ltr'>Dionysi</span> <span class='ocrx_word' id='word_1_174' title='bbox 1223 2539 1318 2598; x_wconf 87' lang='lat' dir='ltr'>lexioo</span> <span class='ocrx_word' id='word_1_175' title='bbox 1346 2537 1391 2617; x_wconf 88' lang='lat' dir='ltr'>(ef.</span> 
     </span>
     <span class='ocr_line' id='line_1_22' title="bbox 224 2619 1391 2719; baseline 0.003 -25"><span class='ocrx_word' id='word_1_176' title='bbox 224 2619 311 2696; x_wconf 75' lang='lat' dir='ltr'>&#39;ausa</span> <span class='ocrx_word' id='word_1_177' title='bbox 334 2657 361 2714; x_wconf 83' lang='lat' dir='ltr'>p.</span> <span class='ocrx_word' id='word_1_178' title='bbox 387 2641 437 2712; x_wconf 73' lang='lat' dir='ltr'>aa,</span> <span class='ocrx_word' id='word_1_179' title='bbox 464 2643 511 2700; x_wconf 83' lang='lat' dir='ltr'>rs.</span> <span class='ocrx_word' id='word_1_180' title='bbox 543 2644 636 2711; x_wconf 81' lang='lat'>1456,</span> <span class='ocrx_word' id='word_1_181' title='bbox 666 2641 727 2719; x_wconf 86' lang='lat'>50),</span> <span class='ocrx_word' id='word_1_182' title='bbox 759 2642 850 2700; x_wconf 67' lang='lat' dir='ltr'>anes</span> <span class='ocrx_word' id='word_1_183' title='bbox 885 2660 922 2701; x_wconf 75' lang='lat' dir='ltr'>ex</span> <span class='ocrx_word' id='word_1_184' title='bbox 951 2642 1094 2700; x_wconf 73' lang='lat' dir='ltr'>Pausania</span> <span class='ocrx_word' id='word_1_185' title='bbox 1121 2643 1166 2718; x_wconf 74' lang='lat' dir='ltr'>(ut</span> <span class='ocrx_word' id='word_1_186' title='bbox 1193 2643 1322 2701; x_wconf 70' lang='lat' dir='ltr'>vinear:</span> <span class='ocrx_word' id='word_1_187' title='bbox 1355 2642 1391 2700; x_wconf 79' lang='lat' dir='ltr'>ef.</span> 
     </span>
     <span class='ocr_line' id='line_1_23' title="bbox 230 2737 1392 2826; baseline 0.004 -29"><span class='ocrx_word' id='word_1_188' title='bbox 230 2739 320 2798; x_wconf 86' lang='lat' dir='ltr'>Cobet</span> <span class='ocrx_word' id='word_1_189' title='bbox 342 2740 483 2800; x_wconf 81' lang='lat' dir='ltr'>Mnemos.</span> <span class='ocrx_word' id='word_1_190' title='bbox 507 2741 536 2799; x_wconf 90' lang='lat' dir='ltr'>X</span> <span class='ocrx_word' id='word_1_191' title='bbox 560 2742 621 2820; x_wconf 82' lang='lat'>81),</span> <span class='ocrx_word' id='word_1_192' title='bbox 645 2744 730 2802; x_wconf 87' lang='lat' dir='ltr'>tertia</span> <span class='ocrx_word' id='word_1_193' title='bbox 754 2737 781 2820; x_wconf 79' lang='grc' dir='ltr'>(ὁ</span> <span class='ocrx_word' id='word_1_194' title='bbox 805 2737 955 2825; x_wconf 76' lang='grc' dir='ltr'><strong>Φρίνιχος</strong></span> <span class='ocrx_word' id='word_1_195' title='bbox 978 2738 1078 2826; x_wconf 78' lang='grc' dir='ltr'><strong>μέντοι</strong></span> <span class='ocrx_word' id='word_1_196' title='bbox 1099 2740 1165 2819; x_wconf 86' lang='grc' dir='ltr'>κτλ)</span> <span class='ocrx_word' id='word_1_197' title='bbox 1182 2761 1221 2802; x_wconf 85' lang='lat' dir='ltr'>ex</span> <span class='ocrx_word' id='word_1_198' title='bbox 1242 2741 1328 2820; x_wconf 63' lang='lat' dir='ltr'>Oro-7)</span> <span class='ocrx_word' id='word_1_199' title='bbox 1343 2745 1392 2802; x_wconf 88' lang='lat' dir='ltr'>de-</span> 
     </span>
     <span class='ocr_line' id='line_1_24' title="bbox 229 2844 1392 2923; baseline 0.003 -24"><span class='ocrx_word' id='word_1_200' title='bbox 229 2847 362 2919; x_wconf 87' lang='lat' dir='ltr'>prompta</span> <span class='ocrx_word' id='word_1_201' title='bbox 385 2848 437 2901; x_wconf 88' lang='lat' dir='ltr'>est.</span> <span class='ocrx_word' id='word_1_202' title='bbox 469 2844 659 2919; x_wconf 88' lang='lat' dir='ltr'>integriorem</span> <span class='ocrx_word' id='word_1_203' title='bbox 677 2844 728 2906; x_wconf 83' lang='lat' dir='ltr'>Ori</span> <span class='ocrx_word' id='word_1_204' title='bbox 744 2845 970 2923; x_wconf 85' lang='lat' dir='ltr'>disputationem</span> <span class='ocrx_word' id='word_1_205' title='bbox 988 2847 1108 2906; x_wconf 87' lang='lat' dir='ltr'>exhibet</span> <span class='ocrx_word' id='word_1_206' title='bbox 1125 2845 1223 2922; x_wconf 89' lang='lat' dir='ltr'>Steph.</span> <span class='ocrx_word' id='word_1_207' title='bbox 1244 2846 1314 2920; x_wconf 85' lang='lat' dir='ltr'>Byz.</span> <span class='ocrx_word' id='word_1_208' title='bbox 1328 2864 1350 2904; x_wconf 90' lang='lat' dir='ltr'>s.</span> <span class='ocrx_word' id='word_1_209' title='bbox 1366 2865 1392 2903; x_wconf 78' lang='grc' dir='ltr'>ν.</span> 
     </span>
     <span class='ocr_line' id='line_1_25' title="bbox 226 2937 1390 3031; baseline 0.003 -28"><span class='ocrx_word' id='word_1_210' title='bbox 226 2937 378 3028; x_wconf 66' lang='grc' dir='ltr'><strong>Ἀθῆναί.</strong></span> <span class='ocrx_word' id='word_1_211' title='bbox 394 2991 400 3004; x_wconf 95' lang='grc'><em>.</em></span> <span class='ocrx_word' id='word_1_212' title='bbox 416 2991 423 3005; x_wconf 91' lang='grc'><strong>.</strong></span> <span class='ocrx_word' id='word_1_213' title='bbox 437 2940 453 3006; x_wconf 85' lang='grc' dir='ltr'><strong>ὁ</strong></span> <span class='ocrx_word' id='word_1_214' title='bbox 466 2943 590 3029; x_wconf 84' lang='grc' dir='ltr'>πολίτης</span> <span class='ocrx_word' id='word_1_215' title='bbox 613 2940 774 3030; x_wconf 72' lang='grc' dir='ltr'><strong>Ἀθηναῖος</strong></span> <span class='ocrx_word' id='word_1_216' title='bbox 802 2947 853 3007; x_wconf 82' lang='grc' dir='ltr'>καί</span> <span class='ocrx_word' id='word_1_217' title='bbox 881 2945 1018 3031; x_wconf 76' lang='grc' dir='ltr'><strong>θηλυκὸν</strong></span> <span class='ocrx_word' id='word_1_218' title='bbox 1038 2941 1195 3028; x_wconf 55' lang='grc' dir='ltr'><strong>Ἀθηναία.</strong></span> <span class='ocrx_word' id='word_1_219' title='bbox 1219 2941 1238 3029; x_wconf 79' lang='grc' dir='ltr'>ἡ</span> <span class='ocrx_word' id='word_1_220' title='bbox 1263 2945 1296 3007; x_wconf 81' lang='grc' dir='ltr'>δὲ</span> <span class='ocrx_word' id='word_1_221' title='bbox 1318 2946 1390 3019; x_wconf 78' lang='grc' dir='ltr'><strong>θεὸς</strong></span> 
     </span>
     <span class='ocr_line' id='line_1_26' title="bbox 227 3039 1391 3131; baseline 0.005 -26"><span class='ocrx_word' id='word_1_222' title='bbox 227 3039 374 3129; x_wconf 75' lang='grc' dir='ltr'><strong>Ἀθηναία</strong></span> <span class='ocrx_word' id='word_1_223' title='bbox 408 3043 528 3124; x_wconf 73' lang='grc' dir='ltr'><strong>λέγεται</strong></span> <span class='ocrx_word' id='word_1_224' title='bbox 564 3058 736 3131; x_wconf 76' lang='grc' dir='ltr'><strong>μανονενῶς.</strong></span> <span class='ocrx_word' id='word_1_225' title='bbox 785 3045 902 3128; x_wconf 78' lang='grc' dir='ltr'><strong>λέγεται</strong></span> <span class='ocrx_word' id='word_1_226' title='bbox 935 3047 969 3109; x_wconf 85' lang='grc' dir='ltr'>δὲ</span> <span class='ocrx_word' id='word_1_227' title='bbox 1007 3046 1059 3108; x_wconf 75' lang='grc' dir='ltr'>καὶ</span> <span class='ocrx_word' id='word_1_228' title='bbox 1093 3043 1142 3108; x_wconf 84' lang='grc' dir='ltr'>ἐπὶ</span> <span class='ocrx_word' id='word_1_229' title='bbox 1174 3052 1317 3124; x_wconf 75' lang='grc' dir='ltr'><strong>γυναικός,</strong></span> <span class='ocrx_word' id='word_1_230' title='bbox 1352 3043 1391 3122; x_wconf 80' lang='grc' dir='ltr'>ὡς</span> 
     </span>
     <span class='ocr_line' id='line_1_27' title="bbox 230 3144 1113 3234; baseline 0.005 -27"><span class='ocrx_word' id='word_1_231' title='bbox 230 3144 315 3208; x_wconf 82' lang='grc' dir='ltr'>ἄλλοι</span> <span class='ocrx_word' id='word_1_232' title='bbox 339 3150 391 3231; x_wconf 84' lang='grc' dir='ltr'>μὲν</span> <span class='ocrx_word' id='word_1_233' title='bbox 414 3148 530 3223; x_wconf 82' lang='grc' dir='ltr'><strong>πολλοί,</strong></span> <span class='ocrx_word' id='word_1_234' title='bbox 554 3145 701 3234; x_wconf 78' lang='grc' dir='ltr'><strong>Φιλήμων</strong></span> <span class='ocrx_word' id='word_1_235' title='bbox 725 3150 757 3212; x_wconf 81' lang='grc' dir='ltr'>δὲ</span> <span class='ocrx_word' id='word_1_236' title='bbox 781 3146 876 3222; x_wconf 75' lang='grc' dir='ltr'><strong>οὕτως</strong></span> <span class='ocrx_word' id='word_1_237' title='bbox 899 3146 930 3212; x_wconf 81' lang='grc' dir='ltr'>ὲν</span> <span class='ocrx_word' id='word_1_238' title='bbox 954 3147 1113 3232; x_wconf 75' lang='grc' dir='ltr'><strong>Πτερυγίῳ.</strong></span> 
     </span>
     <span class='ocr_line' id='line_1_28' title="bbox 443 3248 1087 3338; baseline 0 -25"><span class='ocrx_word' id='word_1_239' title='bbox 443 3249 538 3328; x_wconf 78' lang='lat' dir='ltr'>„Noui</span> <span class='ocrx_word' id='word_1_240' title='bbox 561 3248 661 3314; x_wconf 74' lang='grc' dir='ltr'><strong>δ’ὅταν</strong></span> <span class='ocrx_word' id='word_1_241' title='bbox 684 3252 764 3336; x_wconf 76' lang='grc' dir='ltr'>λάβῃ</span> <span class='ocrx_word' id='word_1_242' title='bbox 787 3274 829 3328; x_wconf 80' lang='grc' dir='ltr'>τις</span> <span class='ocrx_word' id='word_1_243' title='bbox 853 3249 895 3325; x_wconf 80' lang='grc' dir='ltr'>εἰς</span> <span class='ocrx_word' id='word_1_244' title='bbox 917 3255 970 3338; x_wconf 69' lang='grc' dir='ltr'>τὴν</span> <span class='ocrx_word' id='word_1_245' title='bbox 993 3249 1087 3316; x_wconf 77' lang='grc' dir='ltr'><strong>οἰκίαν</strong></span> 
     </span>
     <span class='ocr_line' id='line_1_29' title="bbox 383 3349 1135 3436; baseline 0.003 -22"><span class='ocrx_word' id='word_1_246' title='bbox 383 3429 387 3435; x_wconf 82' lang='lat'>.</span> <span class='ocrx_word' id='word_1_247' title='bbox 442 3355 511 3429; x_wconf 59' lang='lat' dir='ltr'>„tac</span> <span class='ocrx_word' id='word_1_248' title='bbox 533 3349 696 3427; x_wconf 79' lang='grc' dir='ltr'><strong>Ἱππονίαας</strong></span> <span class='ocrx_word' id='word_1_249' title='bbox 718 3355 811 3418; x_wconf 80' lang='grc' dir='ltr'>τάσδε</span> <span class='ocrx_word' id='word_1_250' title='bbox 833 3356 884 3418; x_wconf 77' lang='grc' dir='ltr'>καὶ</span> <span class='ocrx_word' id='word_1_251' title='bbox 905 3353 1135 3436; x_wconf 81' lang='grc' dir='ltr'><strong>Ναυσιστράτας</strong></span> 
     </span>
     <span class='ocr_line' id='line_1_30' title="bbox 442 3452 1113 3542; baseline 0.004 -27"><span class='ocrx_word' id='word_1_252' title='bbox 442 3456 510 3531; x_wconf 65' lang='lat' dir='ltr'>‚aui</span> <span class='ocrx_word' id='word_1_253' title='bbox 532 3452 722 3530; x_wconf 80' lang='grc' dir='ltr'><strong>Ναυσινίαας,</strong></span> <span class='ocrx_word' id='word_1_254' title='bbox 746 3459 797 3533; x_wconf 85' lang='grc' dir='ltr'>τὰς</span> <span class='ocrx_word' id='word_1_255' title='bbox 819 3453 986 3542; x_wconf 70' lang='grc' dir='ltr'><strong>Ἀθηναίας</strong></span> <span class='ocrx_word' id='word_1_256' title='bbox 1008 3454 1113 3535; x_wconf 78' lang='grc' dir='ltr'><strong>λέγω.“</strong></span> 
     </span>
     <span class='ocr_line' id='line_1_31' title="bbox 230 3550 1391 3644; baseline 0 -28"><span class='ocrx_word' id='word_1_257' title='bbox 230 3550 358 3640; x_wconf 79' lang='grc' dir='ltr'><strong>Δίδυμος</strong></span> <span class='ocrx_word' id='word_1_258' title='bbox 386 3553 420 3618; x_wconf 78' lang='grc' dir='ltr'>δὲ</span> <span class='ocrx_word' id='word_1_259' title='bbox 449 3577 537 3642; x_wconf 80' lang='grc' dir='ltr'><strong>φησιν</strong></span> <span class='ocrx_word' id='word_1_260' title='bbox 567 3555 610 3620; x_wconf 75' lang='grc' dir='ltr'>ὅτι</span> <span class='ocrx_word' id='word_1_261' title='bbox 636 3553 800 3644; x_wconf 78' lang='grc' dir='ltr'><strong>Ἀθηναίας</strong></span> <span class='ocrx_word' id='word_1_262' title='bbox 828 3560 960 3639; x_wconf 76' lang='grc' dir='ltr'><strong>λέγουσιν</strong></span> <span class='ocrx_word' id='word_1_263' title='bbox 984 3556 1047 3622; x_wconf 78' lang='grc' dir='ltr'><strong>ἀντὶ</strong></span> <span class='ocrx_word' id='word_1_264' title='bbox 1068 3568 1120 3622; x_wconf 84' lang='grc' dir='ltr'>τοῦ</span> <span class='ocrx_word' id='word_1_265' title='bbox 1141 3553 1281 3629; x_wconf 77' lang='grc' dir='ltr'><strong>Ἀττικάς.</strong></span> <span class='ocrx_word' id='word_1_266' title='bbox 1314 3554 1330 3620; x_wconf 85' lang='grc' dir='ltr'><strong>ὁ</strong></span> <span class='ocrx_word' id='word_1_267' title='bbox 1359 3556 1391 3618; x_wconf 81' lang='grc' dir='ltr'>δὲ</span> 
     </span>
    </p>
   </div>
   <div class='ocr_carea' id='block_1_4' title="bbox 230 3677 546 3686">
    <p class='ocr_par' dir='ltr' id='par_1_4' title="bbox 230 3677 546 3686">
     <span class='ocr_line' id='line_1_32' title="bbox 230 3677 546 3686; baseline 0.013 -4"><span class='ocrx_word' id='word_1_268' title='bbox 230 3678 234 3682; x_wconf 92' lang='grc'><em>.</em></span> <span class='ocrx_word' id='word_1_269' title='bbox 246 3677 546 3686; x_wconf 66' lang='grc'>...----..---.-...-,...</span> 
     </span>
    </p>
   </div>
   <div class='ocr_carea' id='block_1_5' title="bbox 229 3713 1392 4452">
    <p class='ocr_par' dir='ltr' id='par_1_5' title="bbox 230 3713 1391 3950">
     <span class='ocr_line' id='line_1_33' title="bbox 321 3713 1391 3786; baseline 0 -19"><span class='ocrx_word' id='word_1_270' title='bbox 321 3715 342 3780; x_wconf 84' lang='lat'>¹)</span> <span class='ocrx_word' id='word_1_271' title='bbox 361 3713 468 3770; x_wconf 85' lang='lat' dir='ltr'>Bitsohl</span> <span class='ocrx_word' id='word_1_272' title='bbox 491 3716 534 3786; x_wconf 84' lang='lat' dir='ltr'>(da</span> <span class='ocrx_word' id='word_1_273' title='bbox 558 3715 609 3769; x_wconf 87' lang='lat' dir='ltr'>Oro</span> <span class='ocrx_word' id='word_1_274' title='bbox 628 3734 653 3784; x_wconf 93' lang='lat' dir='ltr'>p.</span> <span class='ocrx_word' id='word_1_275' title='bbox 676 3717 719 3771; x_wconf 86' lang='grc'>43.</span> <span class='ocrx_word' id='word_1_276' title='bbox 743 3717 778 3771; x_wconf 88' lang='lat'>58</span> <span class='ocrx_word' id='word_1_277' title='bbox 859 3717 957 3786; x_wconf 88' lang='lat' dir='ltr'>Opuse.</span> <span class='ocrx_word' id='word_1_278' title='bbox 984 3717 998 3770; x_wconf 96' lang='grc' dir='ltr'><strong>Ι</strong></span> <span class='ocrx_word' id='word_1_279' title='bbox 1021 3717 1081 3771; x_wconf 82' lang='grc'><strong>628.</strong></span> <span class='ocrx_word' id='word_1_280' title='bbox 1105 3715 1157 3770; x_wconf 89' lang='grc'>646</span> <span class='ocrx_word' id='word_1_281' title='bbox 1180 3732 1215 3768; x_wconf 84' lang='lat' dir='ltr'>ex</span> <span class='ocrx_word' id='word_1_282' title='bbox 1234 3714 1281 3768; x_wconf 90' lang='lat' dir='ltr'>Ori</span> <span class='ocrx_word' id='word_1_283' title='bbox 1304 3716 1391 3768; x_wconf 80' lang='lat' dir='ltr'>eontm</span> 
     </span>
     <span class='ocr_line' id='line_1_34' title="bbox 230 3797 1391 3868; baseline 0.002 -18"><span class='ocrx_word' id='word_1_284' title='bbox 230 3797 414 3866; x_wconf 71' lang='lat' dir='ltr'>Phrynichum</span> <span class='ocrx_word' id='word_1_285' title='bbox 434 3800 661 3868; x_wconf 89' lang='lat' dir='ltr'>disputationibus</span> <span class='ocrx_word' id='word_1_286' title='bbox 679 3819 732 3854; x_wconf 89' lang='lat' dir='ltr'>non</span> <span class='ocrx_word' id='word_1_287' title='bbox 755 3802 828 3856; x_wconf 91' lang='lat' dir='ltr'>nulla</span> <span class='ocrx_word' id='word_1_288' title='bbox 851 3803 879 3854; x_wconf 89' lang='lat' dir='ltr'>in</span> <span class='ocrx_word' id='word_1_289' title='bbox 897 3801 1095 3855; x_wconf 84' lang='lat' dir='ltr'>Antiatticistae</span> <span class='ocrx_word' id='word_1_290' title='bbox 1122 3799 1243 3854; x_wconf 89' lang='lat' dir='ltr'>libellum</span> <span class='ocrx_word' id='word_1_291' title='bbox 1265 3799 1391 3852; x_wconf 87' lang='lat' dir='ltr'>transisse</span> 
     </span>
     <span class='ocr_line' id='line_1_35' title="bbox 231 3882 450 3950; baseline 0.023 -16"><span class='ocrx_word' id='word_1_292' title='bbox 231 3882 383 3950; x_wconf 81' lang='lat' dir='ltr'>suspicatus</span> <span class='ocrx_word' id='word_1_293' title='bbox 402 3887 450 3939; x_wconf 87' lang='lat' dir='ltr'>est.</span> 
     </span>
    </p>

    <p class='ocr_par' dir='ltr' id='par_1_6' title="bbox 229 3967 1391 4126">
     <span class='ocr_line' id='line_1_36' title="bbox 320 3967 1391 4040; baseline -0.001 -19"><span class='ocrx_word' id='word_1_294' title='bbox 320 3967 342 4034; x_wconf 72' lang='grc'>2)</span> <span class='ocrx_word' id='word_1_295' title='bbox 361 3967 460 4024; x_wconf 86' lang='lat' dir='ltr'>Naben&#39;</span> <span class='ocrx_word' id='word_1_296' title='bbox 485 3971 691 4039; x_wconf 89' lang='lat' dir='ltr'>disputationem</span> <span class='ocrx_word' id='word_1_297' title='bbox 722 3971 810 4040; x_wconf 83' lang='lat' dir='ltr'>Bergk</span> <span class='ocrx_word' id='word_1_298' title='bbox 832 3972 937 4039; x_wconf 83' lang='lat' dir='ltr'>ignorat</span> <span class='ocrx_word' id='word_1_299' title='bbox 958 3975 1003 4024; x_wconf 88' lang='lat' dir='ltr'>aut</span> <span class='ocrx_word' id='word_1_300' title='bbox 1030 3970 1150 4038; x_wconf 81' lang='lat' dir='ltr'>ignorare</span> <span class='ocrx_word' id='word_1_301' title='bbox 1173 3968 1272 4035; x_wconf 80' lang='lat' dir='ltr'>voluit3</span> <span class='ocrx_word' id='word_1_302' title='bbox 1307 3984 1391 4035; x_wconf 87' lang='lat' dir='ltr'>nequa</span> 
     </span>
     <span class='ocr_line' id='line_1_37' title="bbox 229 4052 1390 4126; baseline -0.001 -22"><span class='ocrx_word' id='word_1_303' title='bbox 229 4053 259 4104; x_wconf 88' lang='lat' dir='ltr'>in</span> <span class='ocrx_word' id='word_1_304' title='bbox 278 4053 394 4108; x_wconf 86' lang='lat' dir='ltr'>editione</span> <span class='ocrx_word' id='word_1_305' title='bbox 413 4059 584 4124; x_wconf 78' lang='lat' dir='ltr'>quartanum</span> <span class='ocrx_word' id='word_1_306' title='bbox 603 4057 718 4110; x_wconf 86' lang='lat' dir='ltr'>maxime</span> <span class='ocrx_word' id='word_1_307' title='bbox 737 4057 809 4110; x_wconf 86' lang='lat' dir='ltr'>edita</span> <span class='ocrx_word' id='word_1_308' title='bbox 836 4062 872 4126; x_wconf 86' lang='lat' dir='ltr'>(p.</span> <span class='ocrx_word' id='word_1_309' title='bbox 891 4055 954 4120; x_wconf 78' lang='lat'><strong>372)</strong></span> <span class='ocrx_word' id='word_1_310' title='bbox 982 4055 1140 4110; x_wconf 87' lang='lat' dir='ltr'>sententiam</span> <span class='ocrx_word' id='word_1_311' title='bbox 1168 4070 1244 4108; x_wconf 90' lang='lat' dir='ltr'>suam</span> <span class='ocrx_word' id='word_1_312' title='bbox 1270 4052 1390 4106; x_wconf 83' lang='lat' dir='ltr'>mutavit.</span> 
     </span>
    </p>

    <p class='ocr_par' dir='ltr' id='par_1_7' title="bbox 230 4137 1392 4452">
     <span class='ocr_line' id='line_1_38' title="bbox 320 4137 1392 4211; baseline -0.007 -14"><span class='ocrx_word' id='word_1_313' title='bbox 320 4139 342 4205; x_wconf 81' lang='grc'>3)</span> <span class='ocrx_word' id='word_1_314' title='bbox 363 4139 421 4205; x_wconf 82' lang='lat' dir='ltr'>Qua</span> <span class='ocrx_word' id='word_1_315' title='bbox 438 4141 482 4194; x_wconf 86' lang='lat' dir='ltr'>via</span> <span class='ocrx_word' id='word_1_316' title='bbox 505 4140 675 4211; x_wconf 82' lang='lat' dir='ltr'>Suidas(re1</span> <span class='ocrx_word' id='word_1_317' title='bbox 698 4142 721 4195; x_wconf 93' lang='lat' dir='ltr'>si</span> <span class='ocrx_word' id='word_1_318' title='bbox 742 4141 829 4194; x_wconf 88' lang='lat' dir='ltr'>mavis</span> <span class='ocrx_word' id='word_1_319' title='bbox 847 4140 971 4206; x_wconf 78' lang='lat' dir='ltr'>Photius]</span> <span class='ocrx_word' id='word_1_320' title='bbox 995 4139 1041 4194; x_wconf 88' lang='lat' dir='ltr'>Ori</span> <span class='ocrx_word' id='word_1_321' title='bbox 1065 4141 1221 4208; x_wconf 82' lang='lat' dir='ltr'>excerptum</span> <span class='ocrx_word' id='word_1_322' title='bbox 1239 4141 1335 4192; x_wconf 81' lang='lat' dir='ltr'>nactus</span> <span class='ocrx_word' id='word_1_323' title='bbox 1358 4137 1392 4190; x_wconf 90' lang='lat' dir='ltr'>sit</span> 
     </span>
     <span class='ocr_line' id='line_1_39' title="bbox 230 4221 1391 4294; baseline -0.003 -18"><span class='ocrx_word' id='word_1_324' title='bbox 230 4225 330 4278; x_wconf 86' lang='lat' dir='ltr'>nescio.</span> <span class='ocrx_word' id='word_1_325' title='bbox 351 4226 403 4294; x_wconf 88' lang='lat' dir='ltr'>ipsi</span> <span class='ocrx_word' id='word_1_326' title='bbox 422 4229 493 4281; x_wconf 82' lang='lat' dir='ltr'>certe</span> <span class='ocrx_word' id='word_1_327' title='bbox 511 4243 560 4280; x_wconf 84' lang='lat' dir='ltr'>nea</span> <span class='ocrx_word' id='word_1_328' title='bbox 573 4227 686 4280; x_wconf 89' lang='lat' dir='ltr'>Photius</span> <span class='ocrx_word' id='word_1_329' title='bbox 705 4243 754 4279; x_wconf 84' lang='lat' dir='ltr'>neu</span> <span class='ocrx_word' id='word_1_330' title='bbox 767 4225 863 4280; x_wconf 84' lang='lat' dir='ltr'>Suidas</span> <span class='ocrx_word' id='word_1_331' title='bbox 876 4226 924 4280; x_wconf 85' lang='lat' dir='ltr'>Ori</span> <span class='ocrx_word' id='word_1_332' title='bbox 941 4225 1040 4280; x_wconf 86' lang='lat' dir='ltr'>librum</span> <span class='ocrx_word' id='word_1_333' title='bbox 1052 4226 1210 4279; x_wconf 85' lang='lat' dir='ltr'>habnenmt.</span> <span class='ocrx_word' id='word_1_334' title='bbox 1235 4221 1391 4278; x_wconf 79' lang='lat' dir='ltr'>coniecerim</span> 
     </span>
     <span class='ocr_line' id='line_1_40' title="bbox 230 4308 1391 4386; baseline 0 -26"><span class='ocrx_word' id='word_1_335' title='bbox 230 4309 310 4362; x_wconf 89' lang='lat' dir='ltr'>finem</span> <span class='ocrx_word' id='word_1_336' title='bbox 334 4310 437 4378; x_wconf 84' lang='lat' dir='ltr'>glossae</span> <span class='ocrx_word' id='word_1_337' title='bbox 460 4329 474 4364; x_wconf 90' lang='lat' dir='ltr'>e</span> <span class='ocrx_word' id='word_1_338' title='bbox 498 4311 629 4380; x_wconf 86' lang='lat' dir='ltr'>Stephano</span> <span class='ocrx_word' id='word_1_339' title='bbox 652 4311 783 4379; x_wconf 82' lang='lat' dir='ltr'>Byzantio</span> <span class='ocrx_word' id='word_1_340' title='bbox 806 4327 865 4364; x_wconf 88' lang='lat' dir='ltr'>esse</span> <span class='ocrx_word' id='word_1_341' title='bbox 888 4310 1084 4380; x_wconf 85' lang='lat' dir='ltr'>interpolatum.</span> <span class='ocrx_word' id='word_1_342' title='bbox 1113 4327 1173 4364; x_wconf 90' lang='lat' dir='ltr'>nam</span> <span class='ocrx_word' id='word_1_343' title='bbox 1198 4308 1391 4386; x_wconf 76' lang='lat' dir='ltr'>Stephannma</span> 
     </span>
     <span class='ocr_line' id='line_1_41' title="bbox 231 4394 765 4452; baseline 0.004 -4"><span class='ocrx_word' id='word_1_344' title='bbox 231 4394 314 4449; x_wconf 83' lang='lat' dir='ltr'>Suida</span> <span class='ocrx_word' id='word_1_345' title='bbox 332 4396 479 4450; x_wconf 87' lang='lat' dir='ltr'>adhibitum</span> <span class='ocrx_word' id='word_1_346' title='bbox 498 4413 628 4452; x_wconf 86' lang='lat' dir='ltr'>essenon</span> <span class='ocrx_word' id='word_1_347' title='bbox 648 4397 765 4450; x_wconf 89' lang='lat' dir='ltr'>memini.</span> 
     </span>
    </p>
   </div>
   <div class='ocr_carea' id='block_1_6' title="bbox 0 0 1561 4994">
    <p class='ocr_par' dir='ltr' id='par_1_8' title="bbox 0 0 1561 4994">
     <span class='ocr_line' id='line_1_42' title="bbox 0 0 1561 4994; baseline 0 0"><span class='ocrx_word' id='word_1_348' title='bbox 0 0 1561 4994; x_wconf 95' lang='lat' dir='ltr'> </span> 
     </span>
    </p>
   </div>
  </div>
 </body>
</html>
