3106 4994
731 308 768 362 27

165 517 213 574 his
247 517 344 575 rer-his
379 516 568 591 explicatam.
584 561 590 574 .
605 516 670 576 ,καὶ
708 510 724 576 ό
759 511 868 594 ἄβολσς
902 511 987 589 ἵππος
1021 511 1037 575 ὁ
1067 511 1199 598 μηδέπω,
1231 512 1327 598 gaola,

167 612 357 700 ὲιιβεβλτριὼς
396 614 499 686 πῶλος
537 617 588 677 τὸν
627 612 779 700 εἰρημένον
812 619 948 700 ηνῶμονα
982 612 1098 678 ὀδόντα.
1143 619 1239 676 verbis
1277 617 1328 676 τὀν

167 717 319 804 εἰρημένον
342 720 465 778 remittit
490 720 527 778 ad
561 726 731 796 excerptrun
759 721 1003 797 Aristophaneum
1031 720 1128 796 paullo
1155 725 1223 777 aute
1250 739 1268 776 a
1295 737 1328 776 se

168 825 322 882 larulatum.

254 927 290 983 In
318 926 362 983 eis
391 943 465 1000 quae
499 929 662 999 sequuntur
689 925 726 983 de
761 926 849 984 mulis
882 926 973 983 asinis
1007 925 1101 983 bubus
1135 924 1260 981 inuicem
1296 941 1328 980 se

167 1029 304 1104 supplent
326 1028 407 1089 llust.
423 1031 453 1085 et
468 1027 506 1084 M.
523 1026 622 1085 omisit
635 1027 719 1086 Eust.
735 1027 849 1102 glossas
865 1021 1038 1108 όρεῶνόμοι,
1055 1021 1141 1106 ὀρεῖς,
1163 1019 1327 1108 όνορορβοί,

166 1127 272 1200 πῶλοι,
297 1129 327 1187 ll
352 1121 509 1206 ιἰποζόηιοι,
543 1129 666 1208 πόρτιες,
701 1126 858 1209 nepetae)
881 1135 911 1188 et
934 1129 1059 1204 glossae
1083 1125 1224 1207 βοόβοιλις
1247 1127 1328 1185 testi-
1341 1109 1356 1174 Ϊ

166 1234 263 1290 rnonia
285 1251 324 1290 ex
346 1229 491 1304 Aeschylo
515 1234 545 1288 et
568 1231 709 1308 Sophocle
738 1232 860 1290 laudata.
907 1232 944 1290 de
977 1231 1135 1289 vitulorum
1161 1229 1328 1288 nominihus

166 1337 311 1411 discrepat
333 1335 363 1392 M
386 1334 422 1391 ab
444 1331 609 1408 Eustathi05
633 1352 701 1392 eum
723 1334 772 1392 hie
794 1335 825 1391 in
848 1334 909 1392 illis
931 1333 1121 1392 recensendis
1145 1350 1249 1390 sexum
1270 1349 1329 1390 uon

166 1438 325 1496 discernat:
347 1433 432 1495 τὰδὲ
448 1429 500 1494 νέοι
515 1432 647 1517 δαμάλαι
669 1434 721 1494 κοιλ
743 1432 888 1517 δαμάλιες
910 1425 961 1494 καὶ
977 1437 1087 1518 μόσχοι
1101 1433 1152 1493 καὶ
1167 1435 1266 1514 πόριες
1276 1433 1329 1509 παὶ

166 1537 281 1618 πόρτιες
296 1537 347 1597 καὶ
361 1538 515 1616 πόρτοοιες,
532 1537 562 1594 Μ
578 1537 746 1613 distinguit:
769 1537 807 1597 τό,
822 1535 855 1597 δὲ
876 1538 930 1597 νέα
953 1531 1064 1617 ἄρρενα
1081 1537 1134 1620 μὲν
1153 1533 1264 1618 μόσχοι
1278 1534 1329 1594 aad

166 1643 263 1721 πόριες
274 1639 324 1699 aad
334 1641 489 1720 πόρτανιες,
506 1635 607 1720 Ἰόὴλεα
622 1637 655 1700 δέ
672 1637 804 1721 δαμάλαι
820 1638 871 1699 καὶ
881 1637 1025 1721 ὃαμόιλιες
1042 1639 1103 1716 [καὶ
1122 1635 1328 1718 βσοβόιλιεςὴἳ)

167 1761 242 1819 quae
280 1742 427 1800 distinctio
466 1761 538 1800 num
571 1741 774 1818 Aristophanis
810 1742 847 1800 sit
881 1743 965 1801 valde
999 1742 1099 1800 dubito
1133 1742 1179 1818 (ef.
1209 1742 1327 1818 Frescn.

168 1866 193 1921 p.
222 1850 282 1905 112
306 1864 334 1902 ιι.
359 1845 398 1920 5).
422 1862 490 1902 nam
513 1845 590 1920 quod
613 1845 650 1903 do
674 1847 790 1927 μόσχος
813 1851 843 1903 et
865 1846 949 1924 πόρις
964 1846 1131 1903 nominibus
1154 1843 1330 1921 praecipitur

166 1949 273 2006 falsum
303 1952 355 2005 est.
402 1948 517 2029 μόσχος
546 1947 711 2023 promiscue
739 1949 930 2024 usurpabant:
965 1949 1002 2006 de
1029 1949 1120 2006 ritulo
1150 1948 1221 2004 Plat.
1245 1946 1328 2021 Apol.

169 2056 228 2111 2οο
262 2050 336 2108 Orat.
362 2053 457 2123 3930,
492 2050 528 2108 de
562 2050 618 2126 Api
648 2051 862 2126 Aegyptiorum
892 2050 999 2110 Herod.
1028 2050 1074 2107 ΙΙΙ
1098 2054 1148 2122 23,
1178 2050 1214 2107 οο
1244 2049 1329 2106 leoue

167 2153 235 2211 Eur.
269 2152 373 2210 Baeelr.
405 2156 502 2227 11843
532 2149 569 2210 de
600 2152 692 2210 vitula
719 2152 787 2210 Eur.
816 2152 879 2228 Iph.
908 2153 974 2211 Aul.
1007 2158 1089 2212 1113
1125 2152 1229 2210 Bacch..
1266 2155 1327 2210 730

168 2255 248 2327 t'ycl.
275 2258 346 2314 389.
391 2254 470 2312 idem
492 2273 510 2311 a
532 2254 651 2330 tragicis
673 2255 766 2330 poetis
794 2255 831 2314 de
859 2255 1025 2314 homiuibus
1053 2255 1217 2331 promiscua
1245 2272 1329 2311 usur-

167 2363 267 2434 patum
289 2363 348 2415 est:
372 2356 408 2414 de
436 2372 526 2433 puero
554 2375 579 2415 e.
602 2375 630 2432 g.
658 2357 726 2416 Eur.
756 2360 818 2435 Iph.
847 2361 917 2432 Aul„
946 2359 1099 2429 1623,ι1ο
1122 2357 1218 2432 puella
1247 2375 1271 2414 e.
1301 2375 1328 2430 g.

167 2461 236 2519 llur.
261 2459 330 2518 Hee.
357 2462 428 2518 205.
454 2462 525 2518 526.
572 2461 655 2539 πόρις
677 2461 811 2520 omuibus
834 2463 906 2521 loeis
921 2462 1044 2519 vitulum
1060 2461 1249 2536 significata
1265 2463 1329 2518 410

168 2563 229 2632 (uhi
248 2561 352 2619 schol:
376 2561 482 2639 πόριες·
506 2555 569 2619 νέαι
593 2558 670 2638 βόες,
695 2563 814 2643 μόσχοι)
837 2565 905 2623 Ειιι.
930 2564 1030 2640 Suppl.
1056 2567 1118 2622 029
1143 2562 1247 2620 Bacch.
1266 2565 1327 2620 737

168 2667 245 2722 Aret.
274 2667 365 2722 1120.
393 2663 491 2740 πόρτις
513 2663 636 2732 vitulam
658 2664 848 2738 significatll
878 2670 938 2726 162
955 2667 1057 2739 hymn.
1074 2665 1137 2723 Cer.
1158 2667 1218 2724 174
1243 2662 1329 2737 Soph.
1361 2715 1363 2720 .

169 2767 269 2824 'l'raeh
295 2769 358 2826 530
382 2765 449 2823 aliis
471 2764 552 2838 loeis
568 2765 693 2823 vitulum
709 2767 821 2826 duobus
842 2769 913 2828 loeis
936 2769 1041 2827 Aeseh.
1066 2767 1164 2842 Suppl.
1190 2772 1239 2826 12.
1266 2769 1328 2826 313

168 2870 228 2938 (uhi
252 2863 321 2936 Δῖος
344 2867 443 2946 πόρτις
465 2867 629 2944 appellatur
651 2867 731 2927 filius
753 2870 804 2928 Ius
827 2875 857 2928 et
879 2868 976 2945 loris).
1008 2869 1043 2927 cf.
1067 2869 1195 2942 Hesyoh.
1219 2865 1330 2948 πόρτις·

168 2966 296 3052 δάμαλις
318 2963 337 3051 ἡ
361 2963 412 3028 νέα
436 2967 515 3047 βοῦς.
548 3005 587 3011 -
622 2967 732 3050 πόρταξ
755 2990 814 3029 non
835 2972 945 3046 legitur
974 2971 1033 3029 uisi
1061 2972 1129 3042 Pa,
1157 2973 1207 3029 ubi
1235 2989 1330 3046 genus

167 3072 286 3146 agnosci
320 3072 436 3147 nequit:
466 3072 575 3131 scholia
602 3068 711 3152 πόρταξ
738 3073 817 3132 idem
846 3091 911 3133 esso
941 3075 1018 3150 quod
1052 3075 1135 3153 πόρις
1169 3080 1198 3132 et
1232 3075 1331 3153 πόρτις

167 3174 312 3232 adnotant.

255 3276 292 3333 In
326 3275 521 3351 disputatione
550 3278 587 3336 de
622 3295 709 3336 suum
742 3279 908 3337 nominibus
935 3279 1106 3338 Eustathius
1130 3298 1155 3354 p.
1183 3282 1328 3342 175211

170 3377 393 3453 Aristophanem
421 3380 644 3453 grammaticum
671 3380 771 3438 laudat
798 3377 829 3439 έν
851 3388 892 3461 τῶ
920 3380 987 3461 περὶ
1013 3374 1143 3463 ἡλικιῶν,
1172 3399 1240 3438 eum
1265 3379 1331 3436 aliis

170 3481 242 3538 locis
264 3481 320 3539 hoe
341 3485 428 3556 eaput
450 3481 525 3540 iusto
554 3482 640 3541 titulo
662 3482 762 3541 laudet
783 3481 849 3563 περὶ
872 3476 1035 3564 ὀνομασίας
1057 3477 1188 3565 ἡλικιῶν.
1212 3499 1331 3540 οιιιιειιιιι

170 3583 319 3659 perspexit
349 3583 507 3642 Fresenius
542 3583 579 3662 (p.
605 3584 672 3662 67);
707 3585 881 3644 Eustathius
913 3585 1007 3658 enirn,
1042 3604 1110 3644 erun
1143 3586 1330 3644 Athenaeum

171 3687 224 3743 hoe
252 3685 315 3743 loco
347 3691 532 3761 excerperet,
572 3689 661 3746 rerba
696 3705 812 3764 quoque
841 3682 1057 3771 Ἀριστοφάνης
1085 3680 1101 3747 ό
1128 3686 1331 3769 γραμματικὸς

170 3782 199 3846 ἐν
232 3795 274 3868 τῷ
308 3787 373 3868 περὶ
406 3781 527 3870 ἡλικιῶν
560 3807 599 3848 ex
632 3790 782 3850 Athenaeo
816 3790 870 3866 (IX
907 3794 969 3851 375
982 3789 1009 3867 a)
1049 3789 1212 3865 descripsit,
1244 3790 1332 3847 verba

168 3897 265 3950 autem
287 3891 468 3966 grammatici
491 3909 549 3952 non
572 3911 611 3951 ex
633 3893 783 3951 Athenaeo
806 3892 859 3952 sed
881 3911 898 3952 e
922 3911 975 3951 suo
997 3892 1202 3969 Aristophanis
1222 3887 1331 3959 λέξεων

169 3993 328 4070 cremplari
351 3995 536 4071 deprompsit.

257 4161 279 4226 ¹)
298 4161 413 4230 glossam
439 4161 544 4234 κτράδες
572 4166 632 4232 apte
660 4162 783 4234 βοόβαλις
811 4163 914 4231 glossae
938 4163 1091 4216 adiunctam
1116 4162 1260 4215 Fresanius
1284 4177 1332 4213 eur

170 4253 233 4298 συῶν
249 4246 360 4320 ἡλικίαις
379 4248 566 4316 postposuerit
584 4265 635 4302 non
655 4247 790 4317 intellego.

257 4330 280 4394 2λ
308 4331 378 4400 quod
406 4331 529 4400 βοόβαλις
556 4349 651 4387 nomen
675 4349 737 4386 curn
759 4325 856 4386 ritulis
880 4332 1052 4386 eonirurctum
1076 4335 1125 4398 est,
1149 4329 1330 4399 epitomatoris

168 4414 349 4484 neglegentiae
368 4415 547 4471 tribuendum.
