3106 4994
795 334 837 388 20

238 546 348 606 τοὺτων
385 538 571 624 άνηλίσκετο,
601 533 642 612 ὡς
672 533 845 620 Ἀνδροτίων
878 541 985 621 γράφει
1018 533 1118 612 οὑτως·
1159 547 1234 614 ,σοῖς
1263 539 1295 600 δὲ
1323 536 1413 602 iocor.

241 643 373 706 Ιίυθωδε
402 643 530 724 θεωροῖς
564 642 632 715 τοὺς
665 640 859 723 κωλακρέτας
893 640 1005 702 διδόναι
1039 639 1074 701 ἐκ
1109 650 1167 702 των
1198 641 1407 726 ναυκληρικῶν

241 747 360 829 ἐφόδιον
390 741 522 827 άρηὺρια,
548 743 598 804 καί
626 739 669 814 εὶς
698 740 772 804 ἄλλο
802 739 844 804 ὅτι
873 739 909 805 άν
938 740 992 825 δίη
1022 739 1183 804 ἀναλῶσαι.
1239 742 1337 827 ταμίαι
1367 744 1406 805 δὲ

236 847 314 934 ἦσαν
336 849 387 909 καί
402 856 584 929 προεστῶτες
600 854 653 929 της
671 844 817 928 δημοσίας
833 846 1033 930 σιτησεως.“1)
1049 866 1124 924 quae
1140 831 1223 906 docta
1239 849 1407 907 observatio

238 954 354 1012 (atinam
388 951 475 1028 capiti
508 950 644 1008 convenit
677 950 735 1007 nisi
769 950 855 1025 capiti
890 948 956 1030 περὶ
989 957 1045 1008 των
1083 941 1323 1031 ὑποπτευομένων
1359 950 1405 1032 μη

238 1050 378 1137 εἰρησίίαι
399 1060 460 1121 τοῖς
478 1049 660 1127 achaicae)
682 1052 757 1110 hanc
779 1052 907 1126 glossam
930 1052 1057 1125 Didymo
1080 1052 1185 1110 debere
1216 1052 1406 1110 scholiastam

237 1156 417 1231 argumentis
440 1156 555 1231 probari
581 1171 640 1212 non
667 1171 740 1230 opus
764 1160 816 1212 est.
854 1154 945 1212 altera
968 1159 1047 1212 certo
1081 1154 1246 1212 testimonio
1274 1154 1406 1227 Didymo

238 1260 388 1316 tribuitur:
414 1257 501 1316 schol.
526 1256 619 1332 Apoll.
642 1255 696 1313 Rh.
720 1255 764 1313 IV
787 1259 848 1316 973
885 1249 1083 1336 ὀρειχάλκοιο·
1107 1253 1194 1338 ’ρασὶν
1223 1250 1407 1336 δρείχοιλκον

240 1357 314 1432 εἶδος
343 1355 469 1440 χαλκοῦ,
505 1352 562 1416 ἀπὸ
594 1349 714 1436 Ὀρείου
743 1357 820 1430 τινὸς
848 1358 1004 1439 γενομένου
1035 1349 1152 1437 εὑρετοῦ
1182 1352 1404 1440 ὠνομασμένον.

235 1457 438 1543 Ἀριστοτέλης
478 1457 511 1519 δὲ
557 1457 588 1519 ἐν
635 1453 773 1531 Τελεταῖς
809 1477 882 1541 φησι
922 1456 998 1540 μηδὲ
1038 1450 1186 1540 Ιὑπάρχειν
1230 1459 1264 1519 τὸ
1305 1456 1403 1542 ὄνομα.

240 1561 315 1646 μηδὲ
341 1564 374 1623 τὸ
407 1562 512 1622 τοὺτου
546 1558 629 1635 εἶδος.
671 1561 721 1620 τὸν
749 1561 806 1641 γάρ
843 1554 1023 1642 ὀρείχαλκον
1052 1558 1121 1620 ἔνιοι
1160 1554 1406 1644 ὑπολαμβάνουσι

239 1665 389 1743 λέηεσίλαιΙ
410 1663 473 1746 μὲν,
498 1665 538 1746 μὴ
567 1659 638 1724 εἶναι
666 1661 708 1722 δέ.
761 1671 826 1722 των
855 1661 891 1722 δὲ
922 1657 1003 1745 εἱκη
1042 1660 1316 1746 διαδεδομὲνων
1338 1664 1402 1722 καί

241 1759 359 1829 τὀυτο.
395 1761 422 1826 οἱ
437 1766 493 1846 γάρ
506 1760 828 1848 πολυπραγμονέστεροί
841 1783 929 1848 φασιν
942 1759 1029 1824 αὑτὸν
1047 1757 1197 1846 ὑπάρχειν.
1228 1765 1404 1848 μνημονείυει

241 1870 292 1932 καί
308 1866 566 1952 Στησίχοροςίίτς.
581 1869 633 1944 88)
644 1866 696 1927 καὶ
708 1861 901 1949 Βακχυλίδης
912 1869 976 1944 (frg.
991 1868 1052 1942 68),
1064 1867 1125 1926 καὶ
1136 1860 1404 1951 Ἀριστοφάνης

241 1971 279 2033 δὲ
304 1967 319 2031 ὁ
342 1970 983 2052 γραμματικὸςσεσημείωταιτουτο.
1010 1965 1107 2047 [ἄλλοι
1119 1966 1152 2028 δὲ
1165 1963 1404 2050 ἀνδριαντοποιοί)

241 2073 375 2151 λέγουσιν
412 2068 513 2154 ὄνομα,
544 2066 584 2144 ὡς
619 2067 778 2156 Σωκράτης
808 2066 835 2149 [ὁ
869 2065 994 2154 Κράτης
1028 2073 1100 2130 coni.
1125 2071 1162 2129 M.
1177 2071 1319 2150 Schmidt]
1353 2071 1406 2130 καί

242 2175 416 2257 Θεόπομπος
439 2172 470 2234 ἐν
495 2168 615 2253 εἰκοστῷ
638 2168 779 2255 πέμπτῳλ
814 2167 930 2245 οὕτως
952 2168 994 2256 ην
1018 2168 1054 2234 ἐν
1076 2181 1118 2255 τη
1142 2182 1282 2255 κωμικη
1307 2169 1405 2242 λέξει

242 2287 283 2360 τη
303 2278 505 2359 ,συμμίκτηκ
556 2275 702 2348 Didymus
724 2281 818 2334 totum
840 2276 937 2334 locum
960 2294 998 2334 ex
1020 2276 1214 2352 Aristophane
1241 2277 1405 2352 descripsit,

242 2382 330 2440 verba
364 2385 478 2437 tantum
511 2361 598 2436 ἄλλοι
632 2375 665 2436 δέ
680 2413 721 2420 -—
735 2373 855 2458 πέμπτῳ
879 2377 916 2436 de
951 2396 1004 2436 suo
1037 2378 1150 2436 adiecit.
1195 2379 1405 2455 Aristophanes

243 2483 401 2558 Byzantius
424 2477 649 2557 Aristotelem3),
673 2480 723 2556 qui
746 2481 919 2539 vocabulum
934 2487 1050 2540 exstare
1065 2475 1231 2556 negaverat,
1248 2480 1406 2539 Stesichori

245 2593 275 2644 ct
306 2583 491 2658 Bacchylidis
525 2582 700 2642 testimoniis
733 2583 853 2658 prolatis
889 2583 1033 2641 refutarit.
1080 2602 1154 2659 quae
1182 2583 1318 2641 refutatio
1335 2583 1405 2640 'sine

245 2688 333 2746 dubio
361 2686 545 2762 aptissimum
573 2685 670 2743 locum
692 2686 794 2744 habuit
816 2686 847 2742 in
874 2685 968 2760 capite
995 2684 1061 2764 περὶ
1072 2693 1140 2748 ,τῶν
1164 2677 1405 2766 ὑποπτευομένων

245 2789 285 2870 μη
333 2782 472 2871 εἰρῆσθαι
512 2793 572 2858 τοῖς
613 2783 758 2859 παλαιοῖς.
768 2786 793 2864 4)
824 2822 864 2829 -
909 2787 965 2845 duo
1012 2788 1085 2846 hacc
1128 2788 1262 2863 exempla
1299 2787 1404 2844 melius

244 2892 444 2949 demonstrant
466 2908 522 2966 qua
545 2889 697 2964 diligentia
718 2908 833 2966 quaque
849 2890 979 2948 doctrina
994 2907 1056 2950 rem
1082 2907 1165 2948 suam
1188 2890 1281 2964 egerit
1296 2889 1405 2947 Aristo-

334 3081 355 3145 1)
374 3080 468 3133 Nauck
486 3096 539 3133 non
557 3079 610 3132 nisi
630 3078 710 3131 verba
726 3076 910 3149 Ἀριστοφάνης
930 3107 963 3114 -
982 3079 1073 3146 μισθοῦ
1092 3078 1264 3146 Aristophani
1277 3079 1408 3146 Byzantio

244 3167 351 3220 tribuit:
378 3181 437 3217 meo
456 3164 563 3232 quidem
582 3163 683 3216 iudicio
701 3162 771 3215 illud
794 3161 830 3224 ὥς
848 3181 922 3234 φησιν
939 3162 1017 3214 docet
1035 3162 1123 3214 omnia
1141 3178 1200 3216 esso
1219 3164 1406 3230 Aristophanis

245 3251 332 3304 rerba.
353 3282 386 3289 -
406 3249 593 3302 oolacretarunr
617 3264 726 3300 munera
747 3249 808 3314 post
827 3246 989 3300 Clisthenem
1008 3247 1148 3314 apodectas
1163 3249 1314 3315 suscepisse
1335 3248 1403 3299 idern

245 3337 358 3387 testatur
377 3333 504 3386 Androtio
523 3350 563 3400 ap.
583 3331 662 3400 Harp.
682 3347 703 3385 s.
722 3349 748 3382 v.
769 3330 908 3384 άπυδέκται.

336 3417 357 3483 ²)
376 3418 562 3485 Aristophanis
582 3415 727 3470 doctrinam
747 3417 827 3469 tacite
845 3432 936 3469 ornnes
954 3415 1136 3484 lexicographi
1149 3417 1267 3469 tradunt:
1286 3415 1404 3483 Hesych.

246 3503 312 3555 Tim.
336 3503 389 3556 lex.
413 3501 481 3554 Plat.
505 3519 530 3569 p.
555 3501 605 3554 171
628 3501 706 3554 Phot.
732 3499 784 3554 lex,
809 3498 930 3553 Cantabi'.
953 3500 1007 3552 lex.
1030 3500 1097 3554 rhet.
1121 3501 1204 3554 Beklr.
1225 3499 1284 3568 275,
1308 3500 1350 3552 22.
1371 3500 1401 3551 oi.

247 3587 329 3641 schol.
349 3589 394 3639 Ar.
414 3587 494 3654 Vesp.
514 3586 574 3640 695.

335 3670 357 3735 3)
377 3670 547 3725 Aristotelem
574 3686 622 3738 pro
642 3670 772 3724 Aristocle
795 3669 964 3722 librariorum
994 3685 1079 3722 errore
1110 3669 1211 3721 laudari
1239 3670 1330 3721 censet
1349 3666 1405 3719 val.

248 3755 325 3822 Rose,
350 3757 431 3808 Arist.
455 3755 547 3823 pseud.
571 3772 596 3822 p.
613 3754 673 3820 619,
698 3755 744 3823 qui
761 3755 819 3807 'non
837 3754 908 3807 vidit
935 3755 1023 3807 omnia
1050 3771 1085 3807 ex
1109 3753 1285 3820 Aristophane
1312 3753 1404 3805 habere

246 3840 405 3907 Didymum3
434 3839 594 3892 Aristoclem
613 3839 802 3906 Aristophanes
821 3839 926 3892 laudaro
945 3855 998 3891 non
1016 3838 1110 3905 potuit.
1140 3839 1172 3890 of.
1184 3837 1284 3905 *Heita
1304 3835 1401 3888 Vcrlor.

248 3924 325 3978 Schr.
346 3924 370 3977 d.
392 3924 472 3977 Arist.
492 3941 517 3991 p.
537 3923 596 3976 295.

336 4008 359 4074 4)
378 4007 534 4076 Hesychius
553 4011 651 4075 quanto
669 4023 746 4076 opere
769 4008 801 4060 ab
820 4008 996 4075 Aristophane
1014 4007 1128 4074 pendeat
1149 4006 1200 4058 hoc
1223 4021 1328 4072 quoque
1347 4004 1401 4056 loco

249 4093 353 4160 egregie
372 4093 500 4145 ostendit:
529 4092 690 4164 δρειχάλκων·
713 4099 760 4144 τῶν
778 4090 835 4165 εἰκῆ
858 4090 1089 4162 διαδεδο[νη]μένων
1112 4085 1173 4143 εἶναι
1195 4088 1311 4159 τοῦνομα.
1340 4087 1362 4140 υἱ
1380 4087 1404 4140 δὲ

249 4176 350 4238 πλείους
373 4177 490 4248 ὑπάρχειν
512 4176 592 4229 αὐτόν.
620 4175 669 4229 ἔστι
697 4174 723 4229 δὲ
747 4176 810 4244 [καί]
842 4176 891 4247 ὕλη
915 4176 992 4245 ὁμοία
1010 4175 1111 4246 χαλκῷ,
1139 4174 1193 4226 nisi
1221 4175 1291 4242 qnod
1319 4175 1406 4226 auctor

250 4261 371 4328 Hesyohi
395 4261 582 4329 Aristophanis
605 4259 731 4329 Byzantii
749 4260 829 4313 verba
856 4267 903 4312 τῶν
930 4258 957 4312 δὲ
985 4259 1040 4331 εἰκῆ
1068 4258 1245 4328 διαδιδομένων
1270 4257 1312 4311 καί
1340 4265 1404 4308 τουτο

248 4344 314 4398 falso
333 4345 520 4413 interpretatus
548 4347 598 4413 est,
626 4361 687 4399 cunr
710 4345 742 4397 ad
766 4344 880 4412 glossam
900 4343 945 4397 ille
968 4345 1084 4412 referret,
1114 4343 1184 4412 quod
1203 4343 1235 4396 de
1254 4339 1407 4394 Aristotelis

250 4430 382 4482 sententia
400 4429 504 4482 dixerat
522 4429 720 4497 Aristophanes.
