3106 4994
701 331 718 386 3

214 538 259 601 Ut
282 538 320 601 de
343 539 466 600 ratione
490 543 521 599 et
543 539 597 600 via
624 557 726 619 pauca
750 537 863 617 dicam,
886 558 950 619 qua
973 557 1055 600 usus
1079 539 1140 600 sim
1163 539 1291 603 adrem

122 647 321 728 propositam
355 647 440 707 iuste
480 644 715 727 perficiendam,
748 644 899 707 Eustathi
934 647 1178 708 commentarios
1217 666 1291 709 cum

123 752 353 835 superstitibus
387 752 480 815 libris
518 753 734 834 grammaticis
769 751 884 814 lexicis
931 751 1061 814 scholiis
1111 756 1290 836 comparavi

123 859 267 940 indeque
291 860 399 921 omnia
422 877 504 940 quae
528 858 567 920 ad
588 856 739 921 Bustathi
762 865 907 921 auctores
929 859 1171 942 investigandos
1184 879 1291 923 emen-

124 966 247 1028 dandos
272 964 467 1048 supplendos
503 964 626 1047 aliquid
661 965 805 1027 conferre
827 965 907 1026 mihi
934 964 1126 1027 videbantur
1149 967 1289 1029 adhibui.

123 1069 234 1153 itaque
259 1073 286 1134 si
311 1091 392 1154 quae
415 1073 450 1133 in
473 1071 523 1132 his
547 1070 791 1152 quaestionibus
814 1072 981 1154 attigerim,
998 1091 1079 1152 quae
1102 1074 1228 1155 proprie
1251 1074 1290 1136 ad

122 1175 330 1240 Eustathium
352 1179 511 1260 pertinere
534 1196 600 1239 1011
628 1177 806 1257 videantur,
835 1179 922 1239 11101
951 1176 1058 1240 doctos
1087 1198 1153 1241 nou
1185 1180 1291 1263 indig-

123 1290 258 1346 naturos
283 1303 381 1367 spero.

213 1389 450 1474 Distinguenda
485 1397 561 1453 sunt
594 1390 744 1454 Bustathi
779 1397 947 1454 auctorum
981 1411 1098 1474 genera
1127 1398 1289 1474 quattuor,

124 1519 264 1581 quorum
286 1501 389 1580 primo
414 1498 534 1560 scholia
556 1496 728 1560 Homerica
740 1500 955 1579 continentur,
969 1499 1066 1561 altero
1089 1501 1287 1582 grammatici

123 1608 182 1687 qui
212 1606 364 1667 dicuntur
398 1604 536 1667 technici
566 1603 763 1684 (Heraclides
791 1603 996 1668 Herodianus
1027 1604 1289 1686 Ohoerobosous),

122 1715 216 1776 tertio
242 1714 409 1794 scriptores
432 1710 611 1773 lexioorum
629 1715 660 1773 11
676 1711 807 1792 similes,
831 1716 943 1793 quarto
968 1712 1085 1793 reliqui
1115 1714 1286 1795 scriptores

123 1819 321 1898 (Athenaeus
339 1817 451 1881 Strabo
470 1817 650 1899 Stephanus
667 1815 846 1898 Byzantius
864 1819 1024 1880 Arrianus
1042 1818 1199 1881 Aelianus
1212 1819 1286 1896 alii).

121 1927 254 1989 tertium
288 1923 401 2008 genus,
436 1931 472 1988 ut
507 1925 594 2006 quod
628 1924 723 2006 longe
757 1925 968 1988 utilissimum
1002 1926 1052 2004 sit,
1085 1925 1166 2008 elegi
1201 1927 1288 2007 quod

122 2035 263 2116 primum
286 2033 466 2094 accuratius
490 2037 664 2094 tractarem.
688 2033 849 2113 pertinent
872 2032 911 2093 ad
934 2032 995 2094 hoc
1022 2031 1161 2094 fontium
1183 2051 1287 2115 genus

122 2139 347 2222 Aristophanis
359 2137 497 2217 Byzanti
512 2139 628 2200 lexeon
644 2137 733 2217 liber,
756 2137 890 2201 Suetoni
901 2137 1079 2219 Tranquilli
1094 2137 1168 2199 libri
1182 2159 1287 2220 guarri-

121 2243 702 2327 1111101111111011111,Α1111)101111
716 2250 746 2307 11
768 2244 948 2308 Pausaniae
967 2245 1169 2326 aliorumque
1181 2245 1287 2307 lexico

122 2352 288 2432 rhetorica,
310 2351 431 2415 Brenni
454 2351 599 2414 Philonis
622 2350 704 2414 liber
727 2351 765 2414 de
784 2350 972 2414 differentiis
988 2350 1168 2413 verborum.
1188 2356 1284 2433 atque

123 2461 182 2522 hac
207 2461 242 2521 11
266 2459 486 2522 dissertatione
524 2459 655 2540 quidem
680 2463 806 2520 tantum
830 2458 867 2520 de
888 2458 1103 2539 Aristophane
1126 2456 1284 2537 Byzantio

123 2571 154 2627 et
176 2565 214 2627 de
237 2565 390 2628 Suetonio
414 2567 474 2646 egi,
498 2584 579 2646 quos
606 2584 695 2626 nunc
719 2565 859 2626 maxime
894 2564 1011 2626 melius
1041 2569 1178 2627 tractare
1202 2564 1284 2632 11111,

121 2677 291 2754 postquam
314 2671 431 2734 Milleri
454 2671 615 2733 industria
638 2677 787 2752 excerpta
816 2671 971 2752 quaedam
999 2671 1232 2753 Aristophanae
1255 2678 1286 2733 et

120 2777 316 2841 Suetoniana
338 2797 355 2840 e
372 2777 513 2840 tenebris
529 2776 721 2855 Byzantinis
745 2779 780 2838 11
797 2777 903 2839 lucem
918 2777 1040 2859 prolata
1063 2779 1176 2856 suntl)
1202 2798 1284 2860 quac

122 2884 281 2966 disputavi
306 2885 334 2946 si
356 2885 449 2966 periti
472 2884 595 2946 iudices
618 2883 831 2966 probaverint,
868 2903 935 2945 rem
963 2885 1156 2965 propositam
1184 2886 1285 2946 conti-

122 2995 280 3052 nuaturus
305 2990 343 3052 de
366 2989 518 3052 Eustathi
541 2990 652 3053 lexicis
675 2991 841 3052 rhetoricis
865 3009 957 3073 agere
980 2991 1015 3050 in
1039 2991 1146 3051 animo
1173 2989 1282 3053 habeo.

102 3205 104 3210 ,
210 3184 230 3247 1)
249 3179 342 3250 Nuper
351 3184 383 3235 de
397 3184 454 3237 illis
474 3184 608 3251 excerptis
627 3184 777 3250 disputavit
790 3186 817 3235 et
831 3182 978 3250 glossarum
988 3184 1241 3250 Aristoplrunearum
1256 3188 1283 3236 et

118 3266 339 3320 Suetonianarum
358 3268 475 3322 indicem
494 3269 608 3322 confecit
618 3271 685 3334 Aug.
699 3268 850 3322 Fresenius.
865 3268 1282 3336 1111λέξεων11111101111111111111

47 3399 50 3406 .
119 3353 148 3403 et
166 3350 384 3405 Suetonianarum
403 3354 536 3420 excerptis
549 3353 709 3420 Byzantinis
723 3354 831 3420 scripsit
845 3357 875 3405 A.
895 3353 923 3406 F.
944 3354 1030 3420 Aquis
1049 3353 1182 3406 Mattiacis
1194 3353 1283 3414 1811.)
