3106 4994
836 271 853 324 o

260 479 385 538 indicari
413 481 449 537 ab
477 479 671 555 Aristophane
705 481 888 540 institutrnn:
924 481 1014 538 innuo
1046 479 1129 538 llust.
1153 481 1197 539 nil
1223 482 1343 556 praebet
1369 482 1436 540 nisi

263 581 399 658 syllogen
423 582 569 640 variorum
592 580 746 640 nominum
769 583 832 641 sive
855 583 1021 658 glossarum
1044 601 1060 640 e
1084 580 1295 642 diversissimis
1315 584 1437 642 Aristo-

261 683 371 759 phanei
399 684 495 760 operis
523 684 654 760 partibus
683 684 864 761 conflatam.“
899 685 998 760 itaque
1021 685 1134 758 glossas
1157 687 1192 743 ab
1220 685 1373 748 Eustathio
1402 707 1436 763 p.

265 790 368 860 1761,
384 789 423 844 22
447 786 573 861 prolatas
601 787 776 861 fragmentis
805 787 885 848 sedis
914 788 1043 846 incertae
1070 787 1206 862 ascripsit
1240 787 1304 863 (hg.
1327 788 1436 846 XLIH

264 923 304 930 —
327 887 446 964 LVHI).
474 887 588 947 Naucki
613 889 756 948 sententia
779 887 938 962 improbata
962 887 1028 948 Otto
1052 889 1212 948 Schneider
1245 889 1340 965 (Neue
1362 889 1433 949 len.

261 989 408 1064 Litt-Ztg.
444 993 525 1050 1848
566 1009 592 1066 p.
624 989 698 1068 977)
725 989 874 1066 peculiare
903 995 989 1067 caput
1018 989 1083 1072 περὶ
1111 992 1289 1072 καινοτέρων
1317 989 1433 1060 λέξεων
1532 973 1533 1002 1

262 1091 356 1150 fuisse
380 1093 505 1151 coniecit
527 1093 614 1168 eique
636 1091 794 1167 fragmenti
821 1092 949 1152 Parisini
971 1094 1169 1169 paragraphos
1195 1098 1311 1168 1-11‚
1335 1095 1433 1152 unde-

262 1190 369 1252 cimam
390 1195 468 1252 haud
478 1200 568 1265 recte,
591 1195 707 1270 aliaque
729 1195 894 1269 fragmenta
916 1195 1082 1254 dedicarit
1121 1213 1209 1271 quam
1232 1197 1432 1256 coniecturam

261 1315 363 1354 veram
387 1314 453 1355 esse
482 1297 580 1355 docuit
609 1315 673 1356 exc.
703 1297 742 1370 M,
770 1299 821 1356 ubi
849 1315 951 1357 omnes
974 1299 1036 1358 fero
1065 1299 1181 1374 glossae
1209 1282 1432 1358 ab'Eustathio

261 1400 280 1456 l.
309 1399 329 1455 l.
364 1404 521 1474 congestae
554 1401 586 1456 in
615 1400 708 1475 capite
743 1397 810 1478 περὶ
836 1407 894 1458 των
930 1391 1178 1482 ὑποπτευομένων
1212 1401 1361 1476 leguntur,
1396 1407 1433 1460 ut

262 1497 390 1560 dubitari
414 1507 548 1578 nequeat,
571 1503 644 1577 quin
666 1503 745 1561 idern
769 1507 855 1577 eaput
876 1503 989 1562 indicet
1005 1503 1185 1577 Eustathius,
1202 1503 1282 1562 idern
1305 1522 1431 1580 excerp-

261 1609 324 1662 tum
348 1603 393 1662 M:
417 1603 590 1662 Eustathius
610 1623 716 1680 nempe
731 1605 852 1662 titulum
867 1604 970 1680 capitis
994 1604 1058 1664 suis
1075 1607 1172 1666 verbis
1188 1607 1429 1681 circumscripsit.

367 1706 517 1766 Habemus
532 1707 622 1781 igitur
644 1712 705 1766 tres
720 1707 809 1766 huius
824 1707 928 1783 capitis
943 1709 1149 1783 Aristophanei
1163 1709 1267 1780 fontes,
1291 1708 1429 1766 Eustathi

261 1809 484 1868 commentarios
530 1815 700 1885 excerptum
738 1809 769 1867 M
805 1810 1004 1884 fragmentum
1041 1810 1217 1869 Parisinum.
1268 1811 1429 1884 fragmenti

261 1911 390 1968 Parisini
416 1912 485 1970 huic
507 1911 595 1986 rapiti
623 1911 820 1971 vindicandae
844 1917 913 1970 sunt
935 1913 1038 1971 decem
1066 1913 1239 1988 para-graphi
1262 1913 1373 1988 priores
1398 1918 1430 1970 et

262 2013 459 2089 paragraphus
483 2015 605 2090 septima
627 2015 749 2072 decima.
774 2031 900 2089 quarum
928 2015 1094 2089 glossarum
1123 2015 1198 2072 duae
1225 2033 1321 2090 neque
1349 2015 1428 2090 apud

262 2115 449 2174 Eustathium
463 2134 560 2192 neque
575 2117 607 2174 in
623 2133 684 2174 exc.
699 2115 730 2174 Μ
746 2121 913 2192 comparent
928 2117 954 2192 (ξ
970 2122 985 2176 1
1002 2111 1154 2198 Ἀθηναία,
1171 2113 1430 2196 ἓ4καταιραγάς).

262 2217 293 2275 Μ
317 2219 436 2277 exhibet
463 2219 577 2293 glossas
606 2217 712 2292 viginti
734 2223 805 2290 tres,
836 2237 959 2294 quarum
994 2224 1130 2294 quattuor
1156 2224 1186 2278 et
1213 2221 1249 2278 ab
1275 2219 1430 2276 Eustathio

263 2327 292 2379 et
307 2339 324 2378 a
341 2321 443 2395 fragm.
459 2323 523 2380 Par.
536 2321 646 2378 absunt
657 2316 898 2400 (μεγαλοψυγεῖν,
916 2317 1134 2403 μεγαλοψυχία,
1154 2316 1266 2401 ἄρχειν,
1284 2321 1428 2402 τάγηνον),

261 2423 432 2482 Eustathius
460 2421 574 2495 glossas
607 2421 695 2480 huius
719 2423 823 2498 capitis
846 2423 980 2481 tractarit
1001 2424 1121 2498 triginta
1154 2429 1277 2500 septem⁷
1305 2441 1428 2498 quarum

262 2529 397 2601 sprottuor
424 2518 611 2606 (άμυνεοθοιι,
639 2519 842 2606 ἐπινιίιλλωμα,
872 2521 1041 2608 ἐπιστάτης,
1065 2523 1202 2605 κόλλοψ),
1231 2543 1304 2601 quae
1331 2544 1427 2601 neque

262 2629 293 2686 in
331 2633 470 2704 excerpto
507 2626 538 2684 M
571 2645 668 2703 neque
702 2628 733 2684 in
766 2628 930 2702 fragmento
964 2626 1099 2688 Parisino
1129 2634 1253 2700 exstant,
1287 2628 1427 2703 probabili

263 2730 430 2789 coniectura
467 2729 626 2788 Fresenius
664 2735 781 2806 propter
818 2735 990 2815 argumenta
1027 2731 1096 2790 huic
1134 2728 1224 2806 capiti
1261 2730 1426 2788 sindicarit.

262 2834 365 2892 decem
389 2832 554 2906 glossarum
577 2837 677 2890 auctor
698 2851 757 2891 non
779 2833 914 2891 laudatur
947 2835 983 2891 ab
1016 2833 1170 2892 Eustathio
1204 2829 1426 2910 (βλακείιεοθαι,

261 2937 363 3017 γάμος,
380 2935 453 3017 ζων),
470 2934 632 3005 κομπάζειν,
649 2932 828 3014 λεπυχανον,
848 2933 1015 3006 πλεονεξία,
1032 2933 1220 3014 ψευδολογία,
1243 2935 1425 3003 οπανοοιτία,

263 3031 366 3120 ρερνή,
380 3035 511 3116 ψελλός),
524 3056 649 3112 quarum
655 3042 718 3094 octo
731 3034 1063 3118 (planabaobot,ro'peg,
1076 3035 1425 3116 κοκνάζειν,λεπίιχανον,

262 3136 428 3210 πλεονεξία,
453 3136 642 3219 ψευδολογία,
667 3139 848 3210 οπανοσιτία,
867 3132 972 3222 φερνή)
983 3139 1210 3214 Aristophaneus
1223 3157 1290 3198 esse
1305 3142 1426 3198 testatur

263 3261 325 3300 exc.
362 3241 401 3314 M,
436 3243 511 3300 duae
542 3242 674 3318 reliquae
709 3241 792 3324 (ζων),
829 3239 951 3322 ψελλός)
989 3242 1058 3300 huic
1092 3241 1179 3318 capiti
1218 3241 1426 3316 Aristophaneo

262 3344 452 3402 vindicandae
476 3350 546 3402 suut
567 3350 684 3422 propter
707 3362 883 3403 consensum
909 3345 1067 3419 fragmenti
1094 3343 1227 3402 Parisini.
1255 3343 1293 3402 de
1316 3339 1426 3421 ψελλός

262 3447 362 3522 glossa
391 3445 486 3523 (Euat.
515 3467 543 3524 p.
569 3450 663 3518 1535,
688 3451 737 3505 21.
773 3447 807 3504 cf.
829 3447 886 3522 hg.
910 3447 974 3504 Par.
998 3449 1014 3519 ἕ
1039 3450 1068 3522 6)
1109 3446 1274 3504 consentire
1313 3445 1426 3503 ridetur

262 3549 420 3608 Fresenius
455 3549 492 3625 (p.
519 3553 579 3609 115
615 3553 672 3606 not.
704 3549 742 3626 3),
778 3550 815 3609 de
856 3550 954 3624 glossa
989 3548 1051 3631 ζωή
1087 3548 1178 3626 (Euat.
1214 3567 1240 3622 p.
1269 3550 1361 3620 1752,
1386 3550 1423 3606 56

263 3649 435 3729 [1758,29)
459 3652 494 3708 cf.
515 3652 570 3726 hg.
593 3651 658 3708 Par.
692 3655 707 3723 ξ
733 3651 783 3730 17)
808 3652 951 3710 dissentit.
998 3653 1107 3710 1111111111
1142 3668 1211 3708 sane
1234 3649 1331 3706 locum
1366 3641 1423 3729 ζων)

262 3754 360 3828 glossa
388 3754 499 3812 obtinet
532 3754 564 3812 in
591 3754 755 3828 fragmento
783 3753 932 3829 Parisino;
971 3773 1039 3812 nam
1074 3772 1141 3812 cum
1176 3752 1307 3827 reliquae
1341 3750 1424 3808 huius

262 3855 365 3932 capitis
389 3856 505 3930 glossae
528 3857 665 3915 continuo
689 3873 755 3914 sese
778 3857 925 3932 excipiant
947 3857 973 3934 (ἕ
1000 3855 1126 3931 1-10),
1155 3854 1264 3913 deinde
1289 3857 1425 3928 sequatur

263 3976 320 4016 una
348 3958 445 4032 glossa
474 3959 577 4035 capitis
612 3957 677 4038 περὶ
711 3951 874 4038 ὀνομασίας
908 3952 1030 4041 ἡλικιῶν
1058 3959 1085 4034 (ἓ
1111 3958 1171 4034 11),
1206 3962 1269 4014 tum
1298 3956 1424 4032 quinque

262 4061 378 4134 glossae
413 4061 515 4136 capitis
553 4059 619 4140 περί
653 4068 828 4136 ουγγενιιιων
862 4055 1014 4141 ὀνομάτων
1048 4061 1074 4136 (ξ
1106 4058 1254 4134 12-16),
1284 4076 1342 4116 una
1366 4056 1423 4138 ζων)

262 4162 361 4237 glossa
385 4163 410 4240 (ξ
437 4164 487 4241 17)
518 4167 688 4239 separatae
716 4163 822 4221 ceteris
852 4163 984 4222 eiusdem
1009 4163 1111 4240 capit-is
1139 4161 1231 4219 finem
1261 4159 1351 4217 efficit
1378 4177 1424 4217 ex-

262 4271 427 4342 cerptorum
450 4282 489 4325 ex
500 4265 694 4342 Aristophane
705 4265 847 4339 Byzantio
875 4266 1052 4342 (sequuntur
1074 4265 1191 4340 glossae
1215 4261 1421 4336 Suetoniauae).

261 4365 339 4426 hanc
368 4369 460 4444 ipsam
483 4369 519 4426 ob
553 4386 669 4426 causam
706 4368 800 4444 ⁷,quod
834 4369 918 4428 locus
953 4387 1040 4445 quam
1075 4367 1203 4424 maxime
1238 4366 1424 4440 refragatum,
