3106 4994
718 349 758 407 33

154 555 303 620 αἰδουνται
343 559 411 631 τοὺς
444 565 496 618 του
542 553 670 619 ἐναντίου
712 535 869 641 μάρτυρας,
909 555 1066 642 Σοφοκλέα
1107 561 1160 640 μέν
1202 553 1322 618 εἰπόντα

155 661 262 744 ..νομάς
285 658 317 722 τέ
340 681 379 734 τις
401 655 538 741 κεροῶσό
563 655 608 720 ἀπ’
634 656 746 741 ὀρθίων
770 658 871 737 πάγων
900 660 903 740 Ι
929 660 1091 742 καθεῖρπεν
1115 656 1254 741 έλαφσς”,
1272 661 1322 722 καί

154 761 240 823 πάλιν
283 759 404 844 ,ἄρασα
433 760 525 846 μθξας
556 800 595 806 -
630 795 647 821 c
678 763 728 822 καί
756 766 961 847 κερασφόρους
992 761 995 842 Ι
1027 763 1211 843 στόρθυγγας
1245 758 1320 847 εἶρφ

156 863 288 947 έκηλος”.
324 865 374 925 καί
391 873 483 925 ταυτα
500 867 552 946 μέν
577 860 592 925 ό
616 872 667 925 τοῦ
693 861 840 949 Σοφίλλου
857 860 886 925 ἐν
909 873 967 938 τοῖς
986 859 1140 937 Ἀλεάδαις
1157 867 1221 944 (hg.
1240 867 1319 943 110).

155 963 170 1028 ὁ
208 965 240 1028 δέ
270 961 432 1050 Εὐριπίδης
468 962 499 1026 ἐν
522 976 558 1048 τη
597 961 749 1050 ’ίφιγενείη
776 969 812 1045 (r.
843 969 967 1029 Dindorf
986 970 1023 1026 ad
1046 969 1109 1044 Iph.
1134 969 1198 1027 Aul.
1227 970 1320 1043 1532)

215 1057 220 1078 ‘
418 1066 547 1149 ,ἔλαφον
572 1063 599 1128 δ’
622 1063 749 1150 Ἀχαιῶν
773 1065 895 1153 ἐνθήσω
920 1068 1017 1154 φίλαις

419 1178 617 1252 ,κερσυσσαη
641 1169 678 1253 ἣν
702 1167 864 1255 σφάζοντες
887 1166 1055 1256 αθχησουσι
1079 1173 1134 1255 σὴν

418 1269 560 1353 ,σφάζειν
584 1269 761 1354 θυγατέρα”.
797 1338 800 1344 ,
1150 1272 1181 1334 ἐν
1203 1272 1236 1334 δὲ
1260 1283 1319 1349 τοῖς

157 1371 333 1460 ’ίήμενίὸαις
356 1377 406 1437 τὀν
427 1369 606 1456 Ἡράκλειον
631 1371 726 1436 άθλον
749 1373 861 1457 κέρατα
896 1375 976 1458 έχειν
1000 1371 1016 1436 ὁ
1041 1369 1130 1450 αὐτὸς
1158 1369 1319 1460 Εὐριπίδης

154 1498 225 1562 φησι
247 1481 298 1540 τὸν
321 1477 430 1560 τρόπον
453 1475 539 1539 τόνδε
563 1475 644 1557 ᾄδων
911 1475 1028 1561 ,ἦλθεν
1052 1471 1078 1538 δ’

418 1577 487 1656 ,ἐπί
509 1579 702 1662 χρυσόκερων
726 1579 847 1662 ἔλαφον,
872 1576 1008 1664 μεγάλων

418 1680 544 1758 ,ἄθλων
568 1683 621 1745 ένα
645 1681 739 1745 δεινὸν
764 1677 896 1756 θποοτάς

420 1781 507 1860 ,κατ’
530 1781 626 1848 ἔναυλ’
653 1781 747 1867 ὀρέων
772 1781 901 1866 ἀβάτους
924 1782 974 1846 ἐπί
995 1804 1029 1847 τε

419 1886 590 1972 ,λειμῶνας
613 1891 731 1971 ποίμνια
746 1883 769 1950 τ’
788 1884 884 1971 άλοηίί
900 1890 965 1966 (fag.
985 1890 1066 1966 740).

155 1987 220 2052 ὁόέ
237 1988 367 2074 Θηβαῖος
383 1993 563 2075 μουσοποιὸς
586 1988 617 2052 ἔν
641 2012 690 2052 τιν.
705 2001 763 2052 τῶν
785 1987 932 2052 ἐπινικίων
955 1984 1039 2074 ὑμνεῖ
1081 1993 1156 2068 έγων

417 2090 613 2176 ,Εὐρυσθέος
637 2089 708 2155 ἔντυ’
735 2090 849 2171 ἀνάγκα
872 2093 1025 2174 πατρόθεν

418 2193 631 2278 ,χρυσόκερων
647 2194 759 2278 ἔλαφον
772 2195 899 2280 θηλειαν
916 2189 1014 2265 ἄξονθ’
1026 2189 1045 2211 ”
1063 2195 1189 2273 (Olymp.
1201 2195 1314 2272 Inna).

152 2297 203 2358 καὶ
228 2294 390 2380 Ἀνακρέων
414 2298 461 2360 ἐπί
483 2297 610 2383 θηλείας
633 2297 722 2383 φησίν
831 2281 901 2373 ,οἶά
924 2317 955 2359 τε
978 2298 1082 2379 νεβρὸν
1106 2296 1257 2381 νεοθηλέα

417 2401 622 2486 ,γαλαθηνόη
646 2398 678 2474 ός
700 2395 723 2462 τ’
749 2398 779 2461 έν
802 2397 859 2484 alp
883 2397 1045 2485 κεροέσσης

419 2497 633 2588 ,ὑπολειφθεὶς
657 2498 715 2563 υπὸ
739 2505 851 2587 μητρὸς
874 2498 1032 2587 tutandas
1057 2504 1121 2581 (hg.
1147 2503 1208 2579 52).

152 2622 226 2702 πρὸς
249 2622 282 2684 δε
306 2625 375 2697 τοὺς
399 2633 566 2706 μοιχῶντας
588 2625 622 2685 τὸ
646 2622 759 2706 λεχθὲν
781 2624 832 2684 καί
859 2619 958 2707 μέντοι
979 2625 1031 2684 καί
1058 2627 1227 2708 φάσκοντας
1251 2621 1312 2684 δεῖν

153 2721 295 2809 ὲροέσσης
321 2729 443 2809 γράφειν
466 2723 608 2805 ἀντιλέγει
631 2727 709 2786 κατά
743 2729 852 2807 κράτος
873 2722 1086 2810 Ἀριστοφάνης
1110 2722 1126 2787 ὁ
1154 2722 1315 2799 Βυζάντιος

141 2827 201 2888 ’καί
221 2825 308 2911 ἔμεγε
328 2825 405 2911 αἱρεῖ
424 2839 460 2912 τη
483 2826 639 2909 ἀντιλογία.
664 2831 816 2907 impugnat
836 2831 1044 2908 Aristophanes
1060 2831 1247 2904 Zenodotum‚
1263 2831 1314 2906 qui

153 2925 295 3014 ἐροέσσης
312 2935 428 3010 scripsit
439 2953 491 3010 pro
506 2928 669 3016 κεροέσσης
687 2939 761 2992 teste
779 2934 866 2992 schol.
884 2934 966 2990 Pind.
984 2931 1027 2991 01.
1045 2933 1089 2991 ΙΙΙ
1102 2936 1152 3006 52,
1168 2934 1216 2991 ubi
1235 2933 1313 2992 idem

150 3036 339 3116 Arracreontis
367 3037 421 3111 frg.
458 3037 601 3114 legiturl).
656 3042 773 3095 totusue
796 3037 877 3094 locus
901 3053 989 3112 quem
1012 3036 1156 3112 descripsi
1177 3054 1215 3094 an
1238 3037 1314 3094 Ana-

151 3136 277 3196 creo'ntis
300 3144 411 3196 tantum
436 3158 538 3198 versus
561 3158 600 3197 ex
629 3140 822 3216 Aristophane
856 3139 1019 3215 deprompti
1044 3140 1103 3197 sint
1131 3140 1168 3197 ab
1189 3139 1311 3197 Aeliano

151 3241 275 3298 dubitari
298 3247 407 3318 potest:
432 3243 513 3318 prius
536 3261 604 3300 roro
627 3242 804 3318 probabilius
827 3241 942 3300 ridetur
965 3243 1028 3298 coll.
1058 3242 1178 3300 Polluce
1205 3241 1234 3297 V
1264 3246 1313 3314 76,

152 3343 199 3400 ubi
224 3343 374 3402 Anacreon
399 3349 429 3401 et
452 3343 610 3420 Sophocles
634 3345 736 3402 eodem
759 3344 843 3402 modo
860 3345 1077 3418 coniungrmtru
1099 3345 1167 3421 (etsi
1189 3350 1312 3419 uterque

151 3446 329 3522 uituperatur
345 3446 421 3521 quod
445 3465 545 3506 cernas
561 3441 726 3526 κεροέσσας
749 3445 881 3522 dixeritlx
906 3439 973 3504 Τῶν
996 3443 1028 3506 δέ
1053 3441 1173 3530 ἐλάφων
1197 3440 1313 3526 άκερως

151 3548 204 3629 μὲν
228 3541 247 3629 ἡ
271 3544 389 3630 θήλεια,
413 3543 429 3608 ὁ
453 3541 482 3607 δ’
508 3544 601 3631 ἄρρην
618 3546 792 3629 κερωφόρος
809 3543 828 3630 ἢ
848 3543 1073 3631 κερασφόροςῆ
1098 3550 1305 3630 κεράστης...

150 3648 201 3708 καί
225 3642 392 3728 Ἀνακρέων
421 3651 474 3732 μὲν
510 3648 673 3735 σφάλλεται
702 3647 864 3732 κερόεσσαν
904 3648 1016 3735 ἔλαφον
1045 3652 1223 3731 προσειπών,
1259 3651 1310 3710 καί

152 3746 308 3835 Σοφοκλῆς
331 3759 496 3834 κερσῦσσαν
518 3754 572 3835 την
589 3747 728 3836 Τηλέφου
751 3748 870 3834 τροφόν,
889 3746 1030 3836 Ὅμηρος
1053 3751 1085 3813 δέ
1110 3748 1210 3834 ὀρθῶς
1233 3750 1311 3829 λέγει

151 3847 239 3937 ,ἀμφ’
265 3849 376 3940 ἐλαφον
400 3851 528 3935 κεραόν”
552 3851 592 3932 (Λ
617 3857 700 3932 475).
752 3858 783 3914 in
811 3858 904 3933 capite
927 3863 1025 3916 autem
1048 3855 1116 3937 περὶ
1150 3850 1311 3937 ὀνομασίας

150 3948 270 4036 ἡλικιῶν
288 3958 337 4016 illa
356 3959 503 4018 exstitisse
523 3959 585 4017 iure
603 3960 726 4018 coniecit
743 3958 845 4018 Nauck
862 3959 970 4036 (por),
983 3961 1119 4036 quoniam
1132 3959 1168 4017 de
1183 3958 1310 4017 editione

149 4059 340 4118 Anacreontis
363 4063 398 4118 ab
421 4061 613 4138 Aristophane
637 4068 735 4121 cineta
771 4063 817 4119 rel
851 4063 992 4122 dio1thosi
1026 4062 1102 4120 nihil
1136 4061 1309 4136 acecpimus.

241 4306 261 4360 1ί
283 4305 352 4357 idem
372 4308 489 4359 scru'arit
509 4307 606 4361 Athen.
624 4307 666 4360 IX
685 4308 763 4374 θθίίά,
783 4308 853 4360 unde
872 4308 947 4360 Eust.
967 4324 991 4374 p.
1007 4307 1065 4372 711,
1079 4305 1114 4358 34
1132 4306 1198 4358 haec
1219 4304 1308 4357 habet:

149 4389 246 4459 φέρεται
263 4387 288 4441 δὲ
307 4389 350 4441 καί
363 4388 537 4462 Ἀνακρέοντος
560 4400 651 4464 χρῆσις
671 4392 744 4463 αὕτη
763 4385 822 4454 ,οἷά
840 4409 866 4444 τε
887 4393 971 4464 νεβρὸν
989 4390 1115 4463 νεοθηλέα
1136 4388 1308 4462 ·ραλαθ·ηνο’ν.”

75 4531 78 4539 ,
151 4472 286 4528 Athenaeo
299 4475 408 4542 opponit
420 4477 624 4545 Aristophanem
634 4477 794 4544 Byzantium
808 4476 896 4532 verbis
907 4480 990 4549 ἕτερος
1000 4475 1025 4530 δέ
1034 4495 1071 4540 τις
1082 4477 1171 4548 γράφει
1180 4475 1245 4528 οὕτω
1256 4474 1308 4526 κτλ.

851 4585 853 4590 ’
1134 4581 1151 4635 3
