3106 4994
731 276 767 330 11

209 483 411 542 Isocrates:
435 501 461 538 v.
485 479 678 561 ψευδολογίας
706 488 756 553 12,
782 483 882 560 2401)

210 585 491 644 Demosthenes:
515 604 541 641 ν.
565 584 692 666 γόμος32)

209 687 417 762 Lycophro:
441 705 467 743 ν.
492 683 673 766 ἐοχάζοσοίνε
697 707 723 744 v.
750 692 800 746 21.

211 790 473 849 Callimachus:
500 808 523 845 v.
548 786 650 862 δοκός;
674 789 727 864 frg.
755 794 817 850 100
840 789 1030 867 (Schneider).

163 893 213 950 his
244 892 386 950 accinhmt
421 895 556 966 quathior
589 891 752 966 fragmenta
790 892 826 950 ad
866 892 980 967 glossas
1019 891 1142 970 βαυβᾶν,
1177 894 1333 971 γερόντοις,

164 991 342 1076 ἐψευγοοαν,
378 990 567 1075 ταθημοίτοις
600 993 724 1067 laudata,
759 1012 884 1070 quorum
917 991 1058 1052 auctores
1076 995 1227 1053 nominare
1250 994 1331 1052 Eust.

165 1095 301 1172 omisit.3)
326 1131 367 1138 —-
391 1096 503 1154 Venun
526 1096 605 1154 enim
628 1092 697 1155 v'ero
723 1097 890 1155 testimonia
912 1097 947 1154 ab
970 1097 1164 1173 Aristophane
1192 1097 1332 1169 Byzantio

165 1199 204 1254 ad
226 1198 415 1257 illustrandas
444 1198 558 1273 glossas
586 1198 674 1256 allata
704 1199 767 1257 sine
802 1199 888 1258 dubio
922 1199 1055 1258 uberiora
1088 1200 1208 1258 fuemnt
1245 1217 1333 1274 quam

165 1301 271 1358 tradita
293 1302 329 1358 ab
351 1301 510 1358 Eustathio.
541 1301 650 1360 etenim
679 1319 716 1358 ne
747 1300 882 1360 Eustathi
911 1301 1030 1376 quidem
1061 1307 1197 1377 excerpta
1220 1302 1333 1359 lacunis

166 1421 266 1460 carere
291 1437 332 1444 -
356 1420 430 1478 quae
453 1402 605 1462 Eustathio
633 1422 670 1462 an
699 1405 789 1480 priori
821 1404 937 1462 cuidam
965 1404 1145 1479 epitomatori
1174 1397 1339 1492 deteantur

167 1505 242 1562 nihil
264 1506 355 1563 refert
378 1539 428 1577 -‚
452 1523 520 1562 cum
543 1523 559 1563 e
582 1507 803 1582 comparatione
821 1525 889 1565 cum
912 1507 966 1580 frg.
989 1507 1121 1564 Parisino
1144 1512 1175 1564 et
1196 1511 1334 1581 excerpto

168 1607 199 1664 ll
223 1625 310 1682 supra
332 1607 464 1666 instituta
479 1608 538 1665 iam
560 1608 730 1684 apparunt),
746 1614 810 1666 tum
826 1609 888 1684 ipsa
910 1613 1112 1684 excerptorum
1127 1609 1218 1665 torma
1241 1608 1333 1666 (locet.

166 1710 392 1784 Aristophanem
418 1709 506 1768 huius
534 1711 653 1786 quidem
678 1711 781 1786 capitis
804 1711 918 1784 glossas
940 1710 977 1768 ad
1005 1729 1094 1768 unam
1123 1727 1225 1769 omnes
1252 1710 1334 1768 testi-

168 1812 273 1870 moniis
292 1811 441 1870 ornavisse
465 1813 640 1888 scriptorum
656 1814 806 1872 neminem
829 1831 913 1889 spero
930 1814 1062 1872 futuram
1083 1813 1133 1888 qui
1156 1817 1252 1887 neget,
1275 1813 1334 1869 nisi

169 1914 243 1972 forte
266 1915 523 1987 grammaticorum
545 1917 647 1974 aetatis
677 1933 746 1974 suae
769 1916 932 1992 prinoipem
962 1934 1022 1974 non
1044 1915 1226 1992 praestitisse
1249 1919 1334 1990 putas

167 2016 199 2072 nl
229 2016 307 2092 quod
334 2016 397 2092 ipso
431 2018 534 2093 capitis
563 2018 647 2076 titulo
676 2019 760 2094 quasi
788 2019 929 2094 promisit.
964 2019 1047 2093 atqui
1075 2036 1142 2074 cum
1170 2015 1332 2085 κοκκυίειν,

168 2124 201 2176 nt
234 2119 405 2194 exemplum
438 2122 571 2194 afferam,
610 2125 745 2196 quattuor
782 2122 959 2180 testimoniis
996 2120 1145 2178 mimiatnr
1184 2118 1334 2194 Sophoohs

169 2221 280 2278 Cratini
310 2221 441 2280 Platonis
463 2223 584 2298 Diphili,
616 2224 732 2297 glossae
761 2217 884 2286 ἀπόσπα,
914 2218 1065 2298 ἐλὲγοοοιν,
1094 2216 1333 2298 ἐπικοκκοίζεινῧ),

261 2423 282 2488 1)
301 2421 375 2475 Eust.
396 2439 420 2490 p.
442 2422 519 2490 1455,
539 2423 573 2476 25
592 2424 718 2476 Isocratis
736 2424 794 2476 looo
819 2425 852 2476 de
871 2422 1022 2495 ψευδολογία
1041 2424 1146 2476 laudato
1171 2422 1210 2475 sio
1235 2423 1332 2490 pergit:

169 2504 190 2557 εἰ
209 2505 236 2558 δὲ
255 2504 381 2578 talama
409 2510 435 2559 τὸ
464 2507 528 2559 οὕτω
555 2516 645 2580 νοῆσαι
673 2507 765 2578 ἅψογον
783 2507 954 2578 ψευδολογίαν,
975 2509 1125 2579 ἐνθυμητέον
1152 2508 1186 2570 ὡς
1206 2508 1219 2560 ὁ
1239 2506 1334 2569 αὐτὸς

169 2589 269 2661 ῥήτωρ
289 2591 386 2661 πολλὴν
404 2589 487 2644 ἄνοιαν
505 2591 547 2643 καί
566 2591 661 2664 μωρίαν
678 2595 816 2663 καταγνοὺς
835 2599 882 2643 των
900 2593 945 2662 τὴν
964 2591 1059 2643 ἀδικίαν
1076 2591 1255 2653 πλεονεξίαν
1274 2584 1334 2643 εἶναι

168 2676 314 2744 νομιζόντων
332 2675 449 2744 βούλεται
478 2677 532 2747 τὴν
550 2677 729 2739 πλεονεξίαν
748 2677 796 2730 ἐπὶ
816 2676 963 2748 εὐπορίας
981 2683 1050 2739 νοεῖν,
1073 2674 1209 2745 ἀσυνήθως
1229 2676 1333 2738 πάντως.

170 2760 278 2825 quinam
306 2761 416 2814 oratoris
443 2761 519 2814 lucus
542 2761 738 2829 intellegendus
761 2764 805 2828 sit7
833 2763 931 2814 frustra
954 2761 1084 2828 quaesivi.
1110 2761 1160 2814 sed
1180 2761 1273 2813 dubito
1301 2778 1334 2813 an

169 2844 260 2897 rerbis
279 2846 292 2896 5
308 2845 383 2908 αὐιὸς
396 2845 480 2918 ῥήτωρ
494 2863 545 2900 non
559 2847 689 2900 Isocrates
709 2848 843 2899 indicetur
857 2846 903 2898 sed
917 2845 1111 2912 Aristophanes
1125 2845 1282 2913 Byzantius.
1301 2845 1334 2898 of.

170 2945 228 2980 oxc.
248 2929 276 2982 M
295 2930 350 3001 (τὴν
368 2930 526 2999 πλεονεξίαν)
545 2932 587 2985 καί
607 2932 644 2984 ἐπὶ
662 2939 709 3003 τῆς
729 2930 846 3002 εὐπορίας
866 2931 908 2994 (cf.
927 2929 1032 2984 Fresen.
1052 2948 1077 2997 p.
1098 2931 1149 2983 114
1167 2948 1192 2982 11.
1208 2931 1242 2994 3).
1263 2930 1335 2982 haud

172 3029 229 3065 raro
249 3015 320 3067 enim
340 3015 414 3069 Eust.
434 3019 556 3070 auctores
575 3032 638 3070 suos
666 3016 794 3069 vocabulo
823 3015 836 3067 5
865 3014 949 3086 ῥήτωρ
977 3015 1084 3068 denotat
1110 3018 1141 3067 ut
1168 3016 1335 3068 Athenaeum

171 3096 277 3150 Aelium
297 3099 456 3167 Dionysium
475 3099 634 3154 Pausaniam
653 3101 728 3154 alios.

263 3189 284 3255 2)
303 3188 384 3240 verba
401 3189 590 3244 Demosthenis
615 3191 646 3243 ab
671 3190 812 3243 Eustathio
835 3189 941 3242 laudata
973 3205 1024 3256 quo
1051 3188 1201 3255 pertineant
1231 3187 1335 3239 nescio:

170 3289 230 3324 nam
250 3289 320 3325 unus
339 3271 531 3327 Demosthenis
550 3275 625 3328 locus
645 3276 672 3327 in
692 3274 782 3341 Steph.
801 3274 878 3326 Thes.
899 3289 919 3326 s.
931 3291 956 3325 r.
980 3276 1058 3344 γὸμος
1082 3273 1221 3325 adnotatus
1245 3271 1298 3338 (32,
1308 3271 1335 3337 4)

170 3372 221 3409 non
241 3357 363 3424 congruit
381 3374 442 3410 oum
461 3359 609 3413 Eustathio.

259 3445 281 3510 3)
300 3462 408 3500 versum
428 3449 464 3521 „7³1
483 3447 509 3500 δὲ
528 3449 692 3520 προυκαλεῖτο
706 3467 736 3518 με
750 3448 875 3516 βαυβᾰν
893 3446 945 3518 μετ’
961 3447 1061 3518 atr-affl
1077 3449 1200 3500 monente
1213 3445 1335 3500 Nauokio

171 3530 273 3582 comico
287 3532 394 3584 cuidam
404 3535 496 3599 poetae
509 3535 632 3587 attribuit
649 3534 771 3586 Mainake
791 3534 862 3586 Com.
873 3534 914 3586 ed.
926 3533 989 3585 min.
1004 3550 1028 3599 p.
1044 3533 1120 3584 1259.
1135 3535 1226 3598 postea
1239 3530 1336 3583 Nauck

172 3633 186 3666 e
206 3615 321 3668 dramate
341 3617 458 3684 satyrico
477 3635 584 3672 versum
603 3620 718 3686 petitum
737 3634 796 3672 esse
815 3618 947 3671 iudicavit
965 3619 1013 3685 frg.
1033 3620 1098 3685 trag.
1118 3617 1206 3683 adesp.
1228 3615 1285 3668 136.
1302 3645 1335 3652 -

170 3699 226 3769 ,,μίγ
235 3701 391 3772 καταγελᾶτε
401 3709 453 3764 τοῖς
467 3703 537 3771 ἐμοῖς
556 3700 778 3775 παθημάτοις”
797 3684 877 3755 ίόυυυ
890 3718 948 3756 esse
963 3703 1060 3755 comici
1078 3703 1125 3769 qui
1144 3701 1190 3754 illa
1209 3700 1333 3753 Aetolum

174 3784 309 3837 hominem
329 3786 462 3840 dicentem
480 3787 634 3841 induxisset
653 3787 769 3840 coniecit
786 3787 908 3840 Meinehe
928 3787 998 3840 Com.
1018 3787 1057 3839 lV
1077 3785 1136 3840 625.

261 3876 283 3941 4)
303 3876 399 3930 absunt
417 3876 448 3928 ab
468 3851 608 3930 Eustathio
627 3877 730 3944 glossae
749 3877 796 3944 trg.
816 3877 874 3928 Par.
894 3875 1034 3946 Ἀθηναία,
1053 3883 1212 3945 καταφυγὰς,
1231 3890 1288 3926 exo.
1308 3872 1336 3924 M

171 3958 363 4030 μεγαλοψυχεῖν,
382 3961 566 4034 μεγαλοψυχία,
587 3961 679 4033 ἄρχειν,
699 3963 810 4032 τάγηνον.

261 4048 283 4109 5)
303 4049 452 4101 derivatum
471 4051 503 4102 ab
524 4053 689 4112 ἐπικοκκὰζειν
706 4051 788 4103 norbo
803 4068 898 4103 nomen
909 4051 1096 4120 ἐπικοκκάστρια
1115 4049 1146 4100 ab
1160 4047 1337 4114 Aristophane

173 4131 285 4190 t'lhosm.
308 4133 386 4199 1059)
406 4139 563 4202 usurpatum
581 4152 640 4189 esse
660 4137 726 4188 dicit
738 4136 812 4188 Eust.
832 4153 856 4202 p.
878 4136 954 4201 1761,
975 4135 1140 4193 ἐπικοκκάίειν
1158 4132 1219 4199 quis
1238 4131 1337 4183 dixerit

174 4217 281 4282 ignorat.
302 4247 335 4254 —
360 4222 478 4272 ceterum
505 4221 587 4272 verba
616 4225 685 4292 παρὰ
712 4218 884 4292 Ἀριστοφάνει
910 4223 937 4272 τὸ
965 4218 1068 4283 ,mortha
1097 4218 1188 4283 [inuno
1216 4214 1334 4285 ἀντῳδὸς]

174 4303 382 4373 ἐπικοκκάστρια“
400 4321 464 4356 num
484 4306 674 4372 Aristophanis
694 4306 748 4358 sint
767 4305 825 4358 sinc
845 4321 925 4358 causa
943 4304 1047 4356 dubitat
1064 4303 1158 4356 Nauck
1178 4319 1202 4368 p.
1222 4300 1282 4352 ⁸202.
1303 4301 1337 4353 of.

172 4387 268 4454 βαυβᾰν
285 4387 407 4452 glossam.
