3106 4994
793 268 831 322 26

228 479 349 536 termium
371 476 490 552 repetiit
511 495 538 552 p.
566 479 658 548 1828,
678 480 728 536 56.
774 476 876 536 Nauck
909 495 959 535 eos
985 476 1065 535 locos
1093 494 1152 534 non
1181 483 1331 552 receperat
1359 477 1393 534 in

228 581 392 654 fragmenta
429 577 532 654 capitis
576 575 641 658 περὶ
682 573 843 661 ὀνομασίας
874 573 996 660 ἡλικιῶν
1034 578 1070 654 (ν.
1107 578 1210 636 Nauck
1244 599 1271 654 p.
1308 578 1392 654 197),

228 700 283 739 uec
317 681 410 756 potuit
442 681 582 755 recipcre,
617 680 754 756 quoniam
786 680 861 738 nihil
895 682 925 738 in
966 681 1010 739 eis
1047 679 1199 739 invenitur
1239 681 1315 758 quod
1354 680 1393 738 ad

228 784 399 841 animalium
410 775 527 864 ἡλικίας
538 783 685 858 pertinere
703 783 843 842 rideatur.
878 783 1393 858 exhihentcnimpracterpastorum

228 903 411 962 gregumque
439 884 591 942 nominum
618 885 818 944 collectionem
847 886 960 944 doctam
987 885 1024 943 de
1053 881 1177 967 μηλωτη
1213 878 1276 966 οἰὲη
1309 880 1393 966 μηλα

228 987 361 1068 πρόβατα
383 987 587 1044 vocabulorum
610 1004 667 1045 usu
687 987 923 1072 disputationem.
970 986 1155 1063 depromptos
1179 1004 1245 1044 esse
1269 987 1349 1044 locos
1375 1003 1391 1043 c

140 1087 146 1094 “
228 1091 321 1166 capite
344 1087 410 1168 περὶ
432 1081 595 1170 ὀνομασίας
617 1081 737 1170 ἡλικιῶν
759 1089 902 1166 reliquiae
924 1089 1030 1148 elocent
1051 1089 1083 1146 in
1105 1089 1137 1146 M
1160 1093 1298 1147 servatae.

315 1191 485 1250 Excru'aum
519 1191 556 1248 de
590 1187 672 1274 μῆλα
706 1197 736 1250 et
769 1188 902 1272 πρόβατα
929 1191 1078 1250 vocabulis
1112 1190 1261 1266 excipiunt
1295 1191 1326 1247 in
1361 1189 1392 1246 m

228 1311 370 1370 epiorum
403 1298 552 1368 pastorum
585 1311 767 1370 gregumque
802 1294 927 1365 nomina,
955 1294 1102 1352 adduntur
1130 1293 1218 1351 etiam
1247 1291 1392 1368 equilium

227 1395 437 1471 appellationes
471 1389 649 1478 ἱπποφόρβια
683 1392 818 1478 μάνδραι,
853 1387 973 1477 ἡλικιῶν
1002 1413 1071 1454 vero
1100 1411 1243 1471 equorum
1271 1393 1391 1452 nomina

229 1499 408 1557 exciderunt.
454 1498 531 1574 apud
553 1497 739 1556 Eristathimn
762 1499 799 1556 de
822 1498 906 1574 equis
928 1497 1004 1554 nihil
1031 1497 1200 1555 invenimus
1223 1495 1292 1571 (nisi
1315 1495 1393 1572 quod

228 1621 254 1676 p.
288 1604 370 1661 1648
400 1605 564 1676 postorum·
582 1600 701 1659 nomina
735 1594 889 1682 ἱππονόμοι
921 1605 951 1658 et
980 1593 1139 1659 ἱπποπόλοι
1173 1596 1390 1668 memorantur).

229 1703 361 1761 lacunam
388 1703 580 1779 supplendam
608 1720 674 1761 esse
708 1703 818 1762 conicio
846 1702 954 1777 glossis
977 1695 1184 1782 λειπογνόμῶν
1218 1705 1248 1758 et
1282 1693 1392 1778 ἄβολος

176 1875 180 1880 ¹
229 1801 323 1878 ἵππος,
358 1823 432 1881 quae
467 1805 498 1881 in
531 1811 667 1880 excerpto
701 1805 732 1862 M
764 1824 823 1862 non
857 1809 1126 1863 commemorantur.
1183 1797 1391 1882 λειπογνῶμῶν

228 1908 356 1979 glossam
378 1907 497 1982 egregie
520 1907 678 1966 illustravit
699 1907 780 1966 Eust.
810 1927 836 1983 p.
864 1910 957 1984 1404,
974 1910 1014 1966 59
1044 1906 1157 1984 (Nauck
1179 1905 1234 1980 fag.
1264 1904 1308 1980 2);
1340 1897 1391 1979 ΙΙέτι

229 2003 263 2067 ἐκ
290 2015 341 2068 roo
371 2005 491 2086 βάλλειν
519 2003 539 2090 ἡ
567 2016 620 2092 τῆς
648 2007 739 2092 βολὴς
765 2008 816 2069 καὶ
845 2003 860 2069 ό
887 2005 1076 2089 πρῶτοβόλος
1103 2003 1198 2077 ἵππος,
1222 1999 1256 2067 οὗ
1284 2012 1392 2086 χρησις

229 2107 260 2170 ὲν
276 2111 337 2190 τῶ)
361 2111 398 2170 τὰ
413 2108 513 2170 τέλεια
536 2106 583 2170 ἐπὶ
605 2108 749 2172 πλείστων
765 2119 857 2188 γενῶν
873 2111 924 2170 καὶ
943 2110 1152 2192 κατηρτνκότα
1170 2106 1392 2188 λιιπογνῶμονα

223 2211 370 2284 ’καλειται
394 2211 498 2273 διὰτὸ
523 2215 626 2296 μηκέτι
648 2209 728 2294 ἔχειν
752 2207 877 2283 ὀδόντας
905 2213 974 2282 τοὺς
1002 2214 1152 2296 γνώμονας
1179 2207 1390 2291 καλουμένους,

229 2309 273 2384 οἷς
307 2313 544 2392 ἐπιγινώσκουσιν
579 2311 606 2376 οἱ
639 2311 770 2397 ἔμπειροι
804 2315 873 2384 τοὺς
906 2312 1127 2395 πρῶτοβόλοος.
1163 2308 1178 2374 ὁ
1213 2310 1251 2371 δὲ
1286 2317 1390 2370 τοῦτο

228 2415 370 2499 γράψας
390 2411 658 2502 Ἀριστοφάνης
676 2415 754 2495 λέγει
776 2417 826 2478 καὶ
846 2410 980 2498 Ἀττικὴν
1000 2436 1064 2477 τινα
1079 2410 1241 2496 δῶδεκὴδα
1255 2408 1389 2473 stoechas

229 2518 391 2601 λεγομένην
419 2518 652 2604 λειπογνῶμσνα,
676 2516 737 2581 οἷον
760 2517 884 2581 τελείαν.
930 2518 981 2582 καὶ
1010 2514 1054 2580 ότι
1076 2515 1144 2578 ἔνιοι
1178 2517 1230 2577 τὸν
1260 2509 1391 2598 ῥηθέντα

230 2617 337 2682 όδόντα
359 2615 393 2682 cfr
416 2625 555 2705 γνῶμονα
575 2620 725 2696 καλοῦσιν,
749 2617 828 2682 ἀλλὰ
856 2631 967 2705 γνῶμα,
1004 2617 1064 2682 οἷον
1089 2615 1158 2695 ,νέα
1181 2613 1211 2678 δο
1237 2611 1275 2679 ἔτ’
1302 2611 1388 2676 ἐστίν·
1418 2651 1422 2660 ·

230 2718 287 2804 οὐχ
311 2719 397 2804 ὁμῶς
420 2723 472 2786 καὶ
493 2719 580 2807 γνῶμ’
605 2721 696 2805 ἔχειὴ
741 2725 793 2785 καὶ
821 2723 907 2785 πάλιν
932 2732 1056 2806 ,γνῶμα
1084 2729 1153 2800 γοῦν
1183 2718 1327 2801 βέβληκεν
1352 2712 1391 2789 ὡς

230 2820 291 2885 niro'
322 2821 453 2896 ἑπτέτις1
483 2828 581 2904 (Mein.
617 2828 696 2886 Gom.
726 2828 770 2886 111
799 2827 912 2903 627).1)
957 2827 1072 2903 proprie
1111 2823 1317 2905 λειπογνῶμων
1355 2821 1390 2879 de

230 2930 314 3006 equis
338 2930 487 2988 dicebatur
509 2930 555 3008 (cf.
571 2931 653 2990 Eust.
676 2950 703 3007 p.
723 2928 895 3011 1627,14),
918 2935 982 2986 ium
996 2946 1065 2988 voro
1080 2927 1118 2984 ad
1132 2933 1245 2984 ceteros
1264 2923 1389 3001 quadru-

232 3031 320 3106 pedes
335 3032 507 3090 translatum
523 3038 576 3091 est.
606 3033 734 3090 maxime
749 3031 879 3090 Pollucis
895 3047 1040 3088 consensu
1062 3029 1088 3105 (Ι
1109 3028 1182 3103 182)
1205 3043 1388 3086 conmroveor

229 3139 262 3191 ιιι,
295 3134 332 3191 ι1ο
369 3131 575 3216 λειπογνῶμων
613 3134 752 3192 vocabulo
785 3133 883 3208 egisse
920 3132 1145 3207 Aristophanem
1174 3130 1313 3206 suspicer,
1341 3125 1390 3184 uhi

230 3255 371 3312 equorum
393 3237 511 3295 nomina
526 3235 721 3312 illustrarim)
758 3253 826 3293 cum
841 3229 1050 3316 λειπογνῶμων
1065 3250 1135 3292 vero
1157 3233 1256 3306 glossa
1270 3229 1390 3288 coniun-

230 3339 356 3410 gendam
371 3357 437 3397 esse
452 3339 576 3396 arbitror
588 3332 698 3416 ἄβολος
712 3331 797 3409 ἵππος
808 3337 905 3413 paullo
918 3341 984 3413 post
994 3337 1030 3394 ab
1042 3335 1195 3394 Eustatlrio
1207 3335 1333 3409 pilon,
1350 3335 1387 3390 19

275 3479 546 3486 ......---.....-.----ς

320 3527 341 3593 1)
361 3530 392 3581 ab
411 3529 604 3596 Aristophaneo
623 3531 680 3581 loco
699 3543 781 3595 supra
799 3528 932 3596 descripto
946 3543 1054 3595 prorsus
1074 3524 1252 3579 secernendus
1271 3523 1314 3575 est
1325 3520 1391 3573 alter

231 3613 353 3665 hlushathi
371 3612 447 3667 locus
466 3630 490 3681 p.
515 3612 653 3679 162714,
677 3612 756 3665 cuius
779 3611 888 3680 gemelli
911 3614 1017 3665 exstant
1039 3609 1109 3678 apud
1132 3601 1227 3676 atym)
1240 3606 1295 3675 lig.
1315 3606 1339 3671 3,
1356 3603 1390 3656 54

231 3699 320 3750 Zonar.
331 3714 355 3764 p.
366 3697 383 3749 3
399 3701 436 3766 (et
449 3697 599 3750 Eudemum
612 3697 680 3750 teste
690 3695 832 3762 Bekkemh
853 3713 929 3764 quoe
944 3711 1076 3750 consensu
1094 3692 1209 3746 efficitm·
1221 3690 1389 3745 Eustathium

231 3800 255 3847 p.
276 3781 397 3848 1627,14
415 3781 537 3834 hausisse
556 3797 570 3834 e
589 3780 677 3834 lexico
695 3780 835 3834 rhetorico.
873 3780 939 3834 falso
958 3779 1042 3848 igitur
1059 3779 1154 3832 Nauck
1173 3794 1197 3844 p.
1218 3775 1269 3829 100
1288 3775 1320 3826 de
1339 3773 1387 3826 hoc

230 3867 287 3919 loco
306 3865 449 3918 iudicavit:
470 3866 520 3933 „in
538 3882 591 3934 quo
609 3864 795 3932 Aristophanis
813 3865 979 3934 grammatici
998 3863 1167 3932 agnoscimus
1185 3859 1326 3927 vestigia.“

319 3949 655 4019 2)11ιιιεοιιίιιε(μόίλιι.
675 3948 701 4014 1)
720 3949 894 4020 λειπογνώμων
916 3948 1004 4018 glossa
1028 3945 1202 4016 supplendam
1233 3960 1292 3998 esse
1316 3945 1391 4011 putat

229 4035 351 4088 lacunam
369 4035 401 4087 ab
420 4034 497 4087 Eust.
516 4051 541 4102 p.
562 4033 639 4098 1625,
652 4032 688 4086 45
706 4033 796 4086 verbis
815 4035 857 4086 σὺν
874 4032 902 4088 δὲ
920 4031 1009 4095 ἄλλοις
1027 4031 1155 4103 διαφόροις
1174 4029 1328 4101 παραδίδωσι
1350 4023 1390 4079 καὶ

231 4121 267 4173 ότι
285 4119 437 4172 indicatam.
473 4121 501 4172 at
523 4135 580 4172 earn
604 4119 662 4185 ipse
680 4118 755 4172 Eust.
781 4117 919 4186 supplevit
935 4134 961 4184 p.
981 4115 1105 4182 1752,11
1125 4120 1200 4182 (συῶν
1216 4111 1334 4185 ἡλικίαι),
1358 4143 1390 4150 —-

231 4207 347 4256 reiorum
367 4203 520 4256 1ι1οιιι1οο11
543 4205 587 4256 Ar.
616 4203 683 4270 Byz.
702 4219 763 4256 cum
790 4201 898 4255 nomine
921 4200 1014 4266 πῶλος,
1043 4199 1113 4268 quod
1131 4200 1160 4251 in
1187 4198 1258 4252 asini
1279 4195 1390 4270 ἡλικίαις

202 4281 206 4290 ’
232 4289 336 4355 profem,
367 4304 429 4341 cum
452 4288 485 4340 <le
512 4287 573 4341 aliis
597 4304 704 4356 quoque
733 4287 848 4340 dicatur:
879 4288 911 4340 ci.
935 4303 994 4340 exc.
1019 4285 1047 4338 111
1070 4285 1161 4338 τούτων
1187 4283 1214 4336 δὲ
1241 4283 1334 4335 πάντων
1360 4285 1389 4334 τὰ

229 4373 341 4425 νεώτατοι
359 4373 446 4437 πῶλοι,
464 4373 525 4442 πρὸς
544 4371 570 4425 δὲ
588 4371 631 4424 καὶ
648 4379 696 4425 τῶν
712 4369 836 4442 καμήλων
852 4372 895 4423 καὶ
914 4370 1056 4442 ἐλεφάντων.
