3106 4994
37 1639 39 1642 ’
136 1661 163 1717 p.
189 1642 277 1718 408);
302 1643 375 1723 ζωή·
400 1643 470 1721 παρ’
494 1636 617 1725 Ὁμήρῳ
636 1637 691 1703 cdx

130 490 292 550 Fresenius
315 490 351 567 (p.
379 490 430 565 78)
452 490 639 567 Aristophani
661 490 791 564 glossam
813 473 940 550 tribuere
963 509 1021 548 non
1049 507 1140 550 ausus
1163 491 1301 563 estetsi

131 593 200 651 cius
228 599 433 668 argmnentum
467 594 554 670 capiti
587 593 653 672 περὶ
685 600 744 653 των
779 584 1026 674 ὑποπτευομένων
1049 593 1208 651 convenire
1242 611 1301 651 non

131 693 261 770 negavit.
307 697 406 771 itaque
428 695 516 754 aliam
550 696 631 754 riam
654 695 817 770 exploravit
842 695 878 752 ad
902 695 1105 755 difficultatem
1132 695 1300 768 tollendam,

132 798 265 872 confugit
287 799 324 856 ad
346 798 539 871 Zenodorum,
572 799 658 856 cuius
690 797 759 868 libri
791 797 858 876 περὶ
894 805 948 880 τῆς
978 789 1115 880 Ὁμήρου
1140 793 1301 877 συνηθείας

133 900 283 975 epitomen
305 901 420 962 codices
450 899 507 958 ML
535 900 675 960 exhibent
702 899 747 975 (cf.
777 899 875 958 Miller
897 899 1049 976 Melanges
1079 919 1106 976 p.
1131 904 1193 960 407
1220 917 1300 976 seqq.

133 1001 294 1060 Fresenius
316 1022 343 1078 p.
369 1002 429 1078 38).
453 1021 492 1060 ex
520 1003 568 1062 his
592 1001 779 1074 Zenodoreis
809 1020 933 1077 quorum
956 1002 988 1060 in
1011 1003 1109 1061 codice
1131 1002 1183 1060 illo
1208 1001 1301 1076 Regio

132 1103 268 1162 Parisino
303 1122 358 1164 nec
389 1105 454 1162 vola
481 1123 537 1164 neo
567 1079 734 1179 vestigium,
769 1104 893 1162 fluxisse
918 1105 1020 1163 stabnt
1041 1103 1199 1164 Fresenius
1222 1104 1298 1178 trag-

134 1207 229 1264 mcnti
256 1206 383 1264 Parisini
411 1207 540 1281 glossam
563 1207 625 1289 ζωή
655 1213 685 1265 et
713 1206 766 1282 qui
792 1207 967 1265 conveniant
994 1208 1073 1264 locos
1095 1206 1301 1266 Eustathianos

134 1327 163 1384 p.
189 1311 282 1382 1752,
308 1312 357 1370 56.
384 1312 477 1382 1758,
502 1312 552 1369 29.
583 1309 641 1367 iam
665 1309 756 1390 igitur
780 1299 1174 1368 conferamus'Zenodorum
1197 1309 1299 1384 fragm.

134 1410 200 1468 Par.
224 1409 425 1470 Eustathium:

181 1526 355 1584 Zenodori
372 1527 497 1602 epitome
510 1523 691 1604 imtlrmer
717 1503 719 1575 l
744 1500 799 1574 ἠέ·
812 1499 877 1557 Par·
891 1503 906 1572 §
921 1505 959 1560 17
977 1498 1038 1581 ζωὴ
1055 1498 1172 1577 litem
1188 1499 1239 1559 ml
1256 1494 1302 1559 ἐπὶ

717 1605 719 1678 γ
744 1609 798 1684 τῆς
820 1597 989 1681 περιουσίας
1017 1595 1058 1670 ὡς
1087 1601 1154 1682 παρ’
1178 1595 1301 1684 Ὁμήρῳ

717 1700 771 1780 ru
797 1704 849 1780 aa)

138 1750 720 1864 έπὶτοῦζῆν,ἀλλ’έπίτῶνχρημάτων,
819 1800 832 1824 ,ι
882 1805 889 1821 ,
955 1800 963 1818 f
1042 1808 1048 1822 .
1088 1799 1117 1824 ,ι
1164 1801 1180 1824 ,ι

718 1865 720 1895 J
797 1825 833 1888 ,η
857 1824 913 1886 γαρ
937 1823 964 1865 οι
988 1806 1049 1888 top
1072 1824 1137 1888 γην
1161 1823 1298 1878 ασπετος,

718 1981 720 1996 Ι
879 1901 913 1967 oti
937 1926 988 1968 τινι
1011 1909 1113 1990 τόσση,

138 1982 276 2047 πλουτου.
718 2000 720 2074 ί
806 2003 929 2082 ,δώδεκ’
955 2005 986 2070 έν
1010 2003 1122 2092 ἠπείρῳ
1147 2003 1279 2085 ἀγέλαι.“

135 1871 188 1930 παὶ
219 1873 380 1954 κτημάτων
416 1872 466 1932 καί
501 1868 605 1946 ἁπλῶς
640 1882 690 1935 τοῦ

137 2106 219 2165 Eust.
254 2128 280 2184 p.
314 2113 406 2185 1752,
431 2113 470 2170 56
511 2110 557 2187 (ad
585 2105 599 2177 ξ
625 2105 808 2186 96)....οία
837 2109 929 2192 διχῶς
951 2120 1006 2196 τῐγς
1035 2113 1114 2195 ζωῆς
1140 2106 1302 2194 λεγομένης

137 2209 216 2268 κατὰ
243 2209 312 2280 τοὺς
335 2209 486 2286 παλαιοὺς,
515 2209 564 2272 ἐπί
602 2230 633 2272 τε
662 2221 719 2296 τῆς
749 2212 901 2297 συνήθους
935 2211 1051 2296 δηλαδὴ
1081 2212 1133 2274 παλ
1166 2209 1215 2274 ἐπί
1248 2221 1302 2298 τῆς

138 2314 318 2391 περιουσίας.
346 2315 384 2372 id.
408 2334 434 2390 p.
462 2319 556 2389 1758,
593 2320 632 2377 29
656 2311 736 2392 λέγει
765 2312 797 2375 δὲ
825 2315 876 2375 ναί
900 2315 994 2398 ζωὴν,
1018 2313 1048 2376 ἐν
1070 2315 1194 2389 πουτοις,
1217 2315 1302 2376 καθὰ

137 2414 187 2472 καί
209 2413 268 2494 πρὸ
303 2410 417 2492 ὀλίγων,
457 2417 508 2500 τὴν
537 2412 579 2487 είς
607 2418 641 2477 τὸ
674 2419 739 2500 ζῆν·
762 2415 940 2497 περιουσίαν,
976 2413 1063 2478 εἰπὼν
1092 2413 1140 2490 ,οἱ
1167 2417 1200 2479 δὲ
1224 2418 1302 2500 ζωὴν

138 2513 303 2577 ἐδάσαντοίι
327 2515 352 2593 (ξ
378 2519 460 2595 208).
488 2521 572 2578 vides
599 2519 732 2580 indidem
759 2521 884 2579 fluxisse
910 2521 1045 2579 Eustathi
1073 2522 1152 2579 locos
1175 2526 1207 2591 et
1226 2521 1303 2595 frag-

138 2619 230 2676 menti
252 2619 380 2679 Parisini
403 2621 540 2696 glossam,
569 2628 706 2682 neutrum
735 2640 897 2698 congruere
927 2641 995 2681 cum
1018 2620 1176 2681 Zenodoro,
1212 2623 1302 2681 Zeno-

139 2723 226 2780 dorus
254 2723 333 2782 enim
361 2743 454 2782 unum
487 2725 649 2784 Homerum
677 2727 841 2802 respiciens
876 2721 1048 2794 vocabulum
1077 2725 1138 2808 ζωή
1173 2725 1232 2783 nisi
1265 2725 1303 2784 de

138 2824 260 2898 pecunia
299 2827 347 2884 vel
386 2827 496 2884 divitiis
530 2847 547 2885 a
581 2833 664 2903 poeta
699 2847 757 2886 non
797 2829 934 2904 usrupari
974 2828 1070 2901 docet,
1105 2827 1239 2886 Eustathi
1274 2833 1304 2886 et

138 2927 293 3000 tiagmenti
337 2929 462 2986 Parisini
502 2935 601 2988 auctor
634 2930 803 3004 generalem
842 2930 973 2988 vocabuli
1019 2947 1107 2987 usmn
1152 2931 1303 2988 illustrans

141 3029 247 3102 passim
282 3030 361 3087 idem
395 3048 461 3090 esse
496 3032 573 3107 quod
601 3025 772 3111 περιουσίαν
797 3034 938 3106 observat,
966 3050 1033 3090 cum
1056 3033 1144 3108 vulgo
1179 3033 1301 3106 ,παλαιαί

140 3129 284 3204 significet
318 3132 364 3206 (ci.
398 3133 518 3192 Ellendt
551 3134 622 3192 Lex.
647 3130 734 3210 Soph.
770 3153 792 3193 s.
822 3136 868 3212 n),
899 3140 933 3193 'ct
955 3135 1124 3211 exemplum
1158 3137 1242 3193 affert
1265 3153 1303 3192 ex

140 3231 274 3291 Homero.
314 3252 388 3308 quae
423 3237 582 3294 observatio
621 3238 706 3313 capiti
741 3236 807 3318 περὶ
840 3245 898 3297 τῶν
928 3230 1171 3319 ὑποπτευομένων
1196 3238 1302 3313 optime

139 3336 280 3393 convenit.
304 3337 437 3394 tractarit
459 3339 538 3397 enim
549 3340 759 3416 Aristophanes
782 3340 942 3414 Byzantius
964 3342 1019 3399 hoc
1042 3342 1134 3417 capite
1150 3358 1199 3398 eas
1222 3346 1303 3397 nota·

139 3438 240 3510 tiones,
263 3455 342 3514 qnae
364 3444 398 3496 ut
419 3440 556 3500 barbarae
585 3441 632 3500 vel
654 3442 784 3502 noviciae
807 3444 843 3501 ab
866 3443 1027 3518 „antiquis‘
1063 3444 1091 3520 (i.
1115 3462 1139 3502 e.
1164 3441 1302 3514 classicis,

140 3544 171 3595 ut
193 3539 308 3618 wlgari
321 3542 409 3599 verbo
432 3542 507 3617 utar)
520 3544 708 3618 scriptoribus
723 3550 879 3620 usurpatae
891 3561 950 3602 non
973 3562 1040 3604 esse
1052 3521 1302 3616 existimabantur,

140 3650 168 3698 ct
201 3644 407 3701 vocabulormn
443 3646 630 3719 quorumdam,
657 3664 746 3703 noras
780 3647 828 3704 vel
855 3647 987 3704 insolitas
1022 3647 1250 3723 significationes
1273 3650 1303 3704 ct

140 3743 215 3818 ipsas
240 3747 421 3818 „veteribus‘
445 3746 519 3804 falso
541 3747 726 3806 abiudicatas.
749 3749 847 3824 itaque
871 3749 932 3831 ζωή
962 3750 1091 3823 glossam
1121 3749 1192 3825 quin
1215 3748 1303 3823 capiti

141 3846 347 3922 Aristophaneo
370 3849 495 3906 tribuam
518 3850 613 3908 facere
635 3869 693 3907 non
716 3849 873 3926 possuml)

228 4056 248 4121 ¹)
268 4055 334 4108 llata
353 4056 493 4110 occasione
516 4057 566 4110 hoc
585 4057 642 4110 loco
665 4059 754 4110 dicere
777 4057 857 4110 liceat
876 4060 908 4110 de
927 4060 1028 4114 rationo
1042 4059 1112 4112 inter
1130 4058 1301 4112 Eustathium

141 4141 165 4188 ot
184 4139 346 4192 Zenodorum
365 4141 555 4194 intercedente.
575 4141 684 4196 lheseni
703 4143 793 4194 verbis
813 4143 895 4207 (prs)
915 4148 1058 4212 „apparent
1075 4149 1164 4198 autem
1177 4143 1302 4208 excerpta

142 4223 288 4277 henodorea
307 4226 382 4278 utin
403 4225 455 4278 hlL
473 4226 512 4277 ita
530 4227 599 4293 apud
609 4227 797 4280 Eustathium“
816 4243 849 4279 ne
870 4227 982 4280 nimium
1002 4230 1134 4282 tribuatur
1152 4227 1301 4280 cavendum

140 4309 185 4359 cst.
205 4309 328 4362 laudatm·
352 4309 503 4364 Zenodorus
521 4313 562 4363 ter
584 4329 599 4363 a
621 4311 782 4379 Porphyrio:
807 4311 890 4364 schol.
915 4311 941 4364 A
959 4313 991 4365 ad
1010 4313 1029 4365 Σ
1052 4315 1094 4381 22,
1119 4311 1202 4366 schol.
1227 4311 1249 4363 B
1268 4312 1301 4365 ud

142 4392 159 4442 l‘
177 4392 236 4460 ⁸263,
256 4394 288 4446 ad
301 4392 320 4444 Σ
332 4395 384 4446 356
398 4398 460 4464 (,,τῷ
473 4396 639 4466 συγγράψαντι
651 4395 704 4466 περὶ
721 4403 767 4467 τῆς
779 4394 895 4467 Ὁμήρου
909 4395 1044 4467 συνηθείας
1057 4401 1088 4450 τὰ
1105 4397 1165 4450 δέπα
1178 4395 1301 4465 βιβλίοιίί),
