3106 4994
587 263 646 300 ⁸
715 312 752 365 ro

149 519 188 576 de
229 520 314 600 μαγίς
354 519 451 593 glossa
495 515 721 594 disputationem
755 519 792 576 ad
825 519 1050 596 Aristophanem
1094 519 1314 594 granrmoticruu

149 621 325 694 rettulerim,
360 620 475 701 στὶμμις
511 621 609 696 glossa
647 621 738 680 docet.
773 620 937 680 observavit
968 620 1177 697 Aristophanes
1200 629 1315 682 veteres

148 724 272 782 formam
304 723 436 781 vocabuli
463 723 636 781 femininam
675 722 862 800 usurpassel)
903 729 933 782 et
960 723 1040 782 Ionis
1063 742 1182 782 versrun
1209 727 1313 784 attulit.

148 843 218 883 cum
246 825 442 900 Aristophane
469 825 539 884 facit
572 825 679 884 Pollux
707 825 735 882 V
767 829 826 886 101
856 823 908 884 aad
935 818 955 907 ἡ
983 825 1099 908 στίμμις
1130 820 1198 906 παρ’
1232 821 1315 887 Ἴωνι

144 923 182 986 ἐν
203 920 357 1008 Ὀμφάλη·
415 926 484 998 ,aaa
517 927 571 1009 τὴν
606 925 748 1009 μέλαιναν
781 921 898 1009 στίμμιν
937 921 1198 1009 ὀμματογράρονίί.
1244 948 1313 988 (aro

147 1037 250 1088 autem
264 1039 269 1046 ’
283 1048 320 1087 ue
363 1030 514 1088 Pollucem
554 1031 652 1106 ipsrun
691 1031 894 1106 Aristophanis
933 1024 1026 1102 λέξεις
1060 1031 1170 1089 adiisse
1202 1032 1312 1088 eredas.

148 1132 382 1191 Choeroboscum
404 1139 484 1190 certe
507 1150 556 1190 eas
578 1150 638 1190 uon
661 1133 827 1208 inspexisse
859 1133 1010 1206 concedes,
1040 1133 1092 1208 qui
1118 1133 1197 1191 idenr
1225 1134 1314 1191 tradit

146 1234 223 1292 Diet.
246 1235 277 1290 in
300 1234 441 1293 Theodos.
466 1253 492 1310 p.
518 1226 891 1316 373,16...ει3ρέθηδὲ
915 1233 966 1293 καὶ
988 1234 1022 1294 τὸ
1047 1230 1147 1316 οτίμμι
1169 1231 1313 1316 άηλοκως

148 1331 308 1416 λεγόμενον
335 1331 397 1397 οἷον
425 1331 444 1419 ἡ
469 1333 585 1418 στίμμις
613 1344 666 1420 τῆς
699 1333 861 1418 στίμμιδος.
899 1329 970 1396 Ἴων
996 1329 1140 1418 Ὀμφάλη
1171 1335 1239 1409 ,καὶ
1261 1337 1314 1417 την

148 1434 301 1520 μέλαιναν·
327 1436 441 1520 στίμμιν
478 1433 735 1522 Apporto-(palpent
774 1439 971 1515 Antiphanern
999 1439 1097 1496 laudat
1130 1439 1212 1496 Phot.
1241 1457 1264 1497 s.
1287 1459 1312 1495 ι’.

148 1539 292 1622 στὶμιηνῧὶ)

235 1642 388 1719 Exemplis
412 1662 485 1719 (puae
508 1643 615 1719 protuli
640 1643 710 1701 satis
738 1644 955 1702 demonstrasse
979 1643 1051 1700 mihi
1079 1643 1187 1715 videor,
1211 1661 1313 1718 quem·

147 1746 306 1804 admodum
327 1747 362 1804 ab
385 1746 578 1821 Aristophane
601 1746 748 1820 pendeant
769 1745 968 1820 lexicographi
984 1746 1164 1821 superstites,
1188 1741 1311 1821 quorurir

147 1866 235 1906 neruo
258 1855 344 1924 caput
366 1847 431 1928 περὶ
452 1855 510 1908 των
526 1839 770 1928 ὑποπτευομένων
786 1848 893 1920 laudat,
917 1865 1003 1905 rrenro
1026 1847 1106 1904 vidit.
1130 1847 1312 1905 memorabili

147 1950 239 2023 igitru·
253 1951 366 2008 fortrma
386 1968 440 2025 per
456 1951 639 2008 saeculorum
654 1950 714 2008 ΧΠ
729 1955 759 2008 et
773 1949 846 2008 XIV
867 1949 913 2024 (ci.
930 1949 1049 2008 Freseu.
1069 1968 1096 2025 p.
1112 1949 1163 2024 11)
1179 1950 1313 2007 homines

147 2051 324 2123 Bpaarrtiuos
353 2053 416 2111 eius
439 2053 578 2111 memoria
607 2052 643 2110 ad
666 2071 719 2110 nos
741 2053 883 2129 peruenit,
918 2069 985 2110 cunr
1014 2052 1081 2128 plus
1110 2051 1193 2109 mille
1220 2069 1312 2109 annos

147 2154 291 2212 oblivione
313 2155 418 2212 fuisset
441 2157 584 2213 obnrtrun.
1024 2137 1030 2150 ’

236 2257 436 2332 Aristophanis
470 2257 652 2331 grammatici
685 2259 847 2331 fragmenta
883 2257 962 2315 sedis
996 2256 1123 2315 incertae
1157 2273 1224 2312 curn
1247 2272 1312 2330 per-

146 2359 312 2432 lustrarem,
344 2377 415 2418 num
448 2379 523 2435 <prae
554 2361 611 2418 alia
644 2360 712 2418 huic
744 2360 831 2436 capiti
864 2358 1019 2418 tribuenda
1042 2362 1150 2431 essent,
1184 2357 1215 2414 in
1238 2357 1311 2414 duas

149 2462 238 2518 incidi
271 2461 384 2536 glossas
418 2463 620 2538 Aristophanis
651 2462 770 2520 nomine
805 2463 980 2538 explanatas,
1015 2479 1090 2538 quae
1124 2460 1231 2536 optime
1254 2459 1312 2516 hue

150 2563 294 2638 pertinere
333 2562 407 2621 mihi
445 2564 589 2622 ridentur.
629 2570 697 2622 sunt
733 2569 832 2622 autem
868 2564 923 2638 frg.
963 2567 1003 2624 36
1043 2569 1073 2620 et
1108 2565 1158 2636 79,
1196 2561 1311 2635 glossae

149 2662 341 2748 κωλακρέτης
364 2674 394 2724 et
417 2659 603 2747 ὀρεάχοιλνιος.
650 2667 777 2742 priorem
806 2666 924 2726 exhibet
948 2664 1036 2723 schol.
1059 2666 1109 2723 Ar.
1139 2665 1191 2722 Aa.
1224 2667 1307 2723 1541

150 2766 218 2838 „aba
241 2763 484 2850 autumer-pre.
499 2814 527 2828 ..
549 2762 761 2851 Ἀριστοφάνης
784 2763 799 2828 ὁ
822 2767 1025 2850 γραμματικὸς
1052 2767 1174 2835 abbacuc
1202 2761 1310 2847 ταμίας

150 2863 224 2927 εἶναι’
247 2888 318 2951 φησι
332 2876 384 2929 τοῦ
408 2867 577 2931 bracenam}
590 2867 709 2952 μισθοῦ.
748 2863 783 2930 οὐ
796 2872 886 2952 μόνον
898 2868 932 2929 δὲ
947 2869 1051 2929 τοῦτον
1065 2868 1119 2950 την
1141 2862 1310 2950 ἐπιμέλειαν

150 2967 310 3042 ἐποιοῦντο,
340 2967 386 3041 ὥς
414 2992 536 3057 φησιν,
567 2968 646 3031 ἀλλά
674 2971 725 3032 καὶ
751 2973 790 3033 τά
818 2967 860 3045 εἰς
887 2969 981 3045 θεοὺς
1010 2965 1228 3051 ἀναλισκόμενα
1262 2967 1311 3029 διὰ

149 3136 264 3202 aliquem
284 3139 392 3202 spectat,
410 3155 461 3192 nou
476 3139 509 3190 ad
528 3138 737 3206 grammaticum.
757 3138 827 3189 idern
840 3137 911 3190 ualet
929 3137 958 3188 in
975 3136 1061 3205 μάθος
1074 3134 1196 3202 glossam,
1212 3150 1264 3200 qua
1277 3134 1309 3185 de

152 3221 223 3272 idern
241 3221 358 3273 coniecit
368 3221 467 3275 {lauch
490 3241 515 3290 p.
526 3222 578 3276 207
596 3222 726 3288 [ceterum
745 3223 830 3290 μάθος
849 3222 937 3290 glossa
955 3221 984 3272 in
1005 3221 1122 3272 editione
1140 3218 1238 3273 Naberi
1257 3234 1308 3269 norr

150 3305 254 3372 exstatl.
274 3305 302 3356 iu
321 3304 426 3374 μοηίδες
440 3306 527 3374 glossa
547 3307 671 3374 equidem
684 3306 773 3374 potius
793 3306 950 3359 crediderim
969 3320 1015 3373 pro
1033 3304 1111 3366 οὕτως
1124 3301 1307 3374 Ἀριστοφάνης

150 3388 318 3441 scribendum
345 3405 404 3442 esse
426 3391 504 3454 οὕτως
530 3390 665 3462 Σοφοκλῆς
689 3389 748 3444 coll.
772 3389 873 3445 Polluc.
896 3390 912 3443 l.
936 3390 967 3454 λς
993 3388 1104 3442 eandem
1127 3387 1309 3441 confusionerrr

149 3472 260 3525 Photius
270 3475 404 3527 commisit
414 3491 434 3528 s.
445 3492 471 3527 r.
485 3475 594 3538 τάλιδος,
608 3475 653 3528 ubi
664 3476 742 3538 οὔτως
752 3471 944 3546 Ἀριστοφάνης,
956 3472 1075 3541 intelleg.
1086 3471 1166 3540 Soph.
1177 3473 1238 3523 Ant.
1249 3471 1308 3530 salt

238 3564 258 3617 ll
278 3564 482 3630 Aristophanem
499 3567 526 3616 τὸ
546 3563 629 3634 στὶμμι
648 3565 786 3616 damnasse
805 3564 912 3616 tradunt
930 3553 1004 3616 Eust.
1023 3561 1157 3629 frg.Pa1·.;
1178 3560 1309 3625 discrepat

150 3645 186 3698 M:
207 3646 303 3714 στὶμμις
320 3649 363 3700 καὶ
385 3647 477 3718 στίμμι.
508 3653 540 3700 τὰ
563 3647 598 3710 εἰς
621 3648 724 3718 ὄμματα
746 3645 868 3720 γρήσιμοι·
890 3647 988 3718 λέγεται
1010 3645 1037 3699 δὲ
1059 3645 1102 3698 aad
1123 3644 1246 3716 θηλσιῶς
1268 3643 1310 3694 καὶ

149 3729 290 3802 οὐδετέροις,
318 3749 385 3799 <puae
403 3749 437 3784 ex
456 3733 558 3784 librarii
581 3734 720 3786 cuiusdam
739 3732 896 3785 commentis
919 3734 976 3784 orta
1001 3747 1062 3784 esse
1086 3729 1223 3783 consentio
1247 3744 1308 3780 eum

149 3814 271 3868 Fresenio
302 3822 337 3886 (p.
366 3817 419 3879 81).
448 3817 635 3884 Aristophanis
663 3817 822 3870 sententiam
852 3816 945 3869 falsam
973 3831 1032 3868 esse
1059 3813 1192 3867 iudicarit
1214 3812 1309 3865 Nauck

150 3917 172 3966 p.
191 3900 254 3951 2³05:
287 3902 333 3970 τὴν
357 3901 453 3970 στίμμιν
479 3918 538 3955 esse
566 3903 749 3955 accusativum
771 3900 957 3954 heteroclitrmr
985 3899 1143 3954 nominativi
1165 3901 1193 3950 τὸ
1217 3897 1307 3965 stippa.

149 3984 275 4036 adversus
293 3985 445 4038 Nauohium
463 3987 571 4039 formam
589 4008 609 4060 ·η
628 3979 802 4056 στίμμιςίιιτο
821 3985 939 4038 defendit
958 3984 988 4038 Ο.
1006 3983 1152 4037 Schneider·
1168 3981 1233 4052 (Ieu.
1244 3980 1308 4032 Litt.

151 4068 203 4132 Ztg.
223 4068 293 4121 1848
311 4087 336 4136 p.
347 4070 417 4136 979).
437 4072 469 4124 ci.
489 4070 589 4124 Moeris
601 4071 661 4137 209,
673 4071 706 4122 12
717 4080 796 4139 στῐμις
812 4069 921 4141 [στίμμις
930 4070 959 4138 1.]
972 4067 1091 4133 Ἀττικοί,
1105 4065 1307 4137 στῖμιἛλληνες.

235 4159 256 4214 a)
280 4159 375 4213 forinas
402 4159 527 4213 vocabuli
564 4160 638 4231 στὶμη
669 4159 731 4228 cripi
767 4161 826 4212 iare
853 4158 1020 4213 librariorum
1047 4158 1129 4211 errori
1160 4155 1309 4208 tribuerunt

149 4241 266 4296 lleinehe
286 4243 357 4296 Corn.
370 4245 413 4297 lll
432 4245 482 4298 103
501 4245 595 4297 Nauck
614 4262 638 4312 p.
652 4244 713 4296 205.
732 4243 805 4315 στίβη
824 4244 953 4311 scripturn
971 4247 1013 4296 est
1031 4243 1101 4310 apud
1111 4241 1210 4307 Phryn.
1225 4238 1306 4292 Bekh.

149 4327 194 4391 ort:
210 4327 242 4379 18
260 4328 379 4396 Hesych.
399 4329 475 4383 Phot.
496 4330 606 4383 Antiatt.
627 4330 686 4382 114.
707 4329 730 4381 Ἰ.
750 4329 778 4380 in
797 4327 949 4381 minuscula
973 4344 1039 4395 quae
1060 4326 1159 4379 dieitur
1177 4323 1308 4390 scriptura

150 4412 266 4464 carniusio
285 4412 431 4466 litterarum
452 4413 467 4483 β
487 4418 513 4467 et
531 4433 549 4484 μ
567 4414 701 4467 farcillima.

1196 4499 1212 4550 η
1224 4497 1237 4520 a
