3106 4994
760 300 797 354 31.

198 530 288 588 quem
311 507 342 570 ἐν
359 503 507 576 Ἀττικαῖς
529 503 642 576 λέξεσιν
665 508 750 566 illum
773 506 932 587 προβάτων
960 501 1083 589 ἡλικιῶν
1113 506 1244 576 ordinem
1272 506 1359 563 tradi-

200 615 281 672 disse
304 617 447 672 testantur
470 611 550 671 Suid.
575 628 597 669 s.
610 629 636 667 1.
650 603 741 692 ἀμνόν
758 609 840 668 Eust.
865 629 891 685 p.
919 614 1012 682 1627,
1031 613 1085 668 12:
1106 601 1229 689 Ἴστρος
1245 603 1275 668 ἐν
1296 615 1360 676 ταῖς

194 708 337 783 Ἀττικαῖς
349 709 490 790 (λέξεσιν)
527 707 610 792 άρνα,
627 707 689 771 εἶτα
712 706 815 794 ἀμνόν,
836 707 900 772 εἶτα
916 706 1038 791 ἀρνειόν,
1055 706 1116 771 εἶτα
1131 709 1358 794 λειπογνώμονα.

199 813 324 898 μοσχίον
348 813 381 875 δὲ
403 815 455 875 τὸν
477 813 629 895 opuscul)

285 918 398 976 Verum
426 917 523 993 priore
556 917 619 975 loco
642 916 668 993 (Ι
692 916 766 992 249)
795 916 902 974 Pollux
924 921 1002 974 totus
1024 915 1085 974 fere
1108 917 1144 974 ab
1166 917 1359 992 Aristophani·
1397 919 1405 938 ⁴

198 1021 338 1094 Byzantio
360 1019 476 1095 pendet
500 1021 526 1077 si
547 1037 638 1096 pauca
667 1036 831 1092 spmonyrna
859 1018 1012 1076 exemeris.
1058 1018 1140 1076 nulle
1170 1019 1232 1076 fere
1262 1019 1360 1076 ohser-

198 1123 283 1193 vatio,
306 1122 423 1179 nullum
445 1122 507 1180 fere
529 1123 660 1194 verbum,
683 1120 762 1196 quod
783 1138 843 1178 non
865 1119 999 1178 invenias
1028 1120 1105 1195 apud
1127 1120 1359 1208 Aristophanem.

199 1224 276 1300 quod
298 1228 396 1282 autem
419 1224 627 1297 gravissimum
642 1209 695 1296 est,
720 1223 808 1281 etiam
824 1240 953 1280 errorem
976 1221 1082 1280 Pollux
1105 1222 1260 1297 descripsit
1273 1242 1360 1298 quem

152 1367 153 1372 κ
198 1327 402 1401 grammaticus
439 1325 658 1390 Alexandrinus
701 1324 855 1382 commisit.
915 1324 966 1383 ubi
1009 1324 1046 1383 dc
1084 1325 1179 1400 capris
1223 1325 1360 1401 disputat⁷

197 1428 368 1486 Homericos
390 1445 494 1486 versus
518 1445 526 1486 ι
551 1431 621 1487 221.
654 1429 715 1486 222
745 1427 788 1484 sic
817 1427 1038 1502 interpretatur:
1070 1421 1086 1487 ὁ
1115 1424 1148 1486 δὲ
1181 1428 1302 1509 ποιητὴς
1331 1423 1361 1486 ἐν

195 1522 357 1624 Ὀδοσσείομ
391 1529 426 1586 τά
464 1524 563 1589 τέλεια
595 1530 648 1610 μὲν
683 1530 846 1608 προγόνους
878 1525 975 1602 καλεῖ,
1009 1529 1047 1588 τά
1085 1526 1118 1588 δὲ
1154 1530 1230 1610 μετά
1268 1537 1360 1590 ταῦτα

199 1632 358 1712 μετάσσας,
382 1629 420 1689 τά
443 1629 476 1691 δὲ
499 1627 539 1690 ἔτι
561 1633 694 1711 νεώτερα
717 1629 815 1711 ἕρσας.
850 1637 879 1689 at
901 1636 985 1706 poeta
1008 1649 1067 1688 non
1082 1649 1234 1707 caprarum
1249 1639 1358 1691 aetates

199 1734 335 1791 distinxit
368 1733 419 1791 sed
453 1735 611 1792 haedorum
640 1728 748 1813 (ἀρνῶν
782 1726 833 1814 ἠδ’
870 1729 1000 1815 ἐρίφων).
1038 1738 1117 1792 recte
1151 1723 1359 1809 interprhtatur

199 1835 293 1912 Apoll.
316 1835 374 1893 lex.
401 1838 471 1908 135,
491 1839 531 1896 10
546 1838 689 1916 πρόγονοι·
727 1837 908 1916 πρωτόγονον
923 1829 1020 1914 ἄρνες.
1056 1830 1087 1894 αἱ
1110 1833 1143 1895 δὲ
1167 1835 1243 1917 μετὰ
1269 1843 1361 1896 ταῦτα

198 1937 377 2018 γεννώμεναι
400 1937 545 2018 μέτασσαι
567 1935 711 2015 λέγονται.
751 1936 836 2017 ἕρσαι
858 1934 891 1997 δὲ
921 1931 951 1996 αἱ
979 1929 1091 1996 ἀταλαὶ
1117 1938 1170 1997 καὶ
1199 1933 1228 1998 αἱ
1258 1933 1289 1998 ἐν
1318 1948 1359 2018 τῷ

200 2034 264 2118 ἔαρι
286 2033 484 2120 γεγενημέναι.
529 2041 628 2117 itaque
650 2043 716 2100 iure
738 2040 841 2098 Nauck
864 2041 901 2117 (p.
934 2040 1007 2116 105)
1036 2037 1190 2100 iudicarit:
1221 2042 1264 2114 „si
1293 2061 1361 2100 rem

198 2141 407 2216 Aristophanes
430 2142 547 2217 scripsit
570 2143 647 2220 quod
663 2143 816 2218 scripsisse
831 2143 867 2200 ab
882 2141 1034 2200 Eustathio
1050 2143 1181 2216 traditur,
1196 2145 1361 2219 sagacitatis

200 2243 285 2318 culpa
323 2261 382 2300 non
416 2243 590 2303 eirimendus
625 2245 705 2304 est.”.
752 2247 881 2330 errorem
914 2263 972 2301 non
1001 2246 1037 2302 ab
1066 2245 1218 2303 Eustadrio
1246 2248 1298 2304 sed
1326 2249 1361 2303 al·

199 2345 391 2420 Aristophane
414 2347 556 2421 prodiisse
580 2345 611 2404 Μ
629 2348 720 2407 docet.
744 2346 850 2405 Pollux
873 2343 933 2424 (rel
955 2346 1051 2423 potius
1074 2347 1138 2405 eius
1161 2349 1270 2423 auctor)
1294 2367 1362 2406 vom

201 2447 264 2505 sinc
297 2447 358 2504 ulla
386 2447 565 2506 dubitatione
589 2467 718 2508 errorem
740 2448 909 2524 descripsit:
945 2456 1003 2508 τῶν
1037 2447 1072 2509 δὲ
1099 2449 1283 2529 προβάτιονῗ)
1310 2450 1362 2509 καὶ

200 2542 290 2624 αἰγῶν
312 2548 363 2620 τάς
385 2541 503 2630 ἡλικίας
526 2543 541 2609 ὁ
565 2550 687 2632 ποιητὴς
710 2546 867 2631 διακρίνων
890 2547 953 2609 κτλ.

288 2649 404 2709 Tertius
427 2651 485 2708 huc
513 2652 640 2727 pertinet
668 2654 750 2712 locus
778 2652 907 2712 Pollucis
937 2653 950 2710 l
982 2657 1058 2713 181:
1081 2646 1199 2712 Ἱππιπά
1222 2649 1361 2738 ὀνόματα,

201 2747 293 2835 ἀγέλη
327 2747 431 2826 ἵππων,
466 2746 651 2838 ἱπποτρόφος,
684 2749 896 2839 ἀγελητρόφος,
933 2749 1100 2838 ἱππονόμος,
1131 2751 1310 2834 ἱππαγωγός.
1326 2803 1355 2816 ..

201 2849 387 2934 ἱπποφορβὸς.
427 2849 489 2915 εἶτα
510 2849 597 2916 ἵπποι
619 2855 775 2940 φορβάδες,
799 2851 879 2916 ἵπποι
902 2851 1048 2932 ἀγελαῖοι.
1063 2903 1070 2918 .
1085 2854 1192 2918 ,πῶλοι
1215 2853 1320 2938 άβολοι
1335 2854 1362 2918 οἱ

109 2949 115 2956 ”
200 2952 308 3015 πάλων
330 2957 382 3016 καὶ
404 2954 523 3017 τελείων
547 2959 639 3040 μέσοι·
685 2953 762 3020 οὕτω
786 2959 841 3039 γάρ
876 2953 1005 3019 Πλάτων
1033 2959 1099 3033 τοὺς
1133 2957 1364 3041 δευτεροβόλως

202 3051 438 3138 ὀνομαζομένους
473 3053 617 3121 ἐκάλεσεν
655 3057 795 3130 τελείους.
836 3056 863 3120 οἱ
896 3059 929 3120 δὲ
964 3063 1160 3144 γεγηρακότες
1195 3057 1363 3145 ἀγνώμονες

202 3159 255 3217 καὶ
282 3155 504 3241 λιπογνὼμονες·
550 3165 674 3246 γνώμων
700 3164 756 3244 γὰρ
790 3161 906 3239 λέγεται
934 3157 950 3224 ὁ
980 3158 1150 3224 &rectator
1181 3159 1276 3238 ὀδοὺς,
1310 3175 1363 3248 της

206 3254 323 3342 ἡλιαίας
346 3255 387 3320 ὢν
402 3267 601 3342 γνωριστιτιός.
624 3265 866 3341 Aristophaneam
889 3283 955 3324 esse
979 3267 1139 3324 doctrinam
1162 3267 1248 3326 facilc
1272 3269 1359 3328 intel-

201 3361 317 3436 legitur.
364 3356 642 3445 ἀγέλην1111111111
666 3368 751 3442 equis
779 3369 915 3444 usurpari
943 3386 1030 3427 nemo
1058 3371 1223 3429 observarit
1248 3376 1363 3445 praeter

200 3465 425 3540 Aristophanem
459 3466 511 3543 (M)
540 3475 570 3527 et
608 3468 759 3528 Pollucem
791 3470 837 3547 (cf.
872 3471 976 3530 haer
1008 3472 1173 3530 Anaxandr.
1209 3471 1288 3530 Corn.
1318 3473 1362 3530 Ill

290 3707 311 3773 1)
330 3712 454 3778 coriupta
480 3709 607 3764 Eustathi
634 3713 716 3766 verba
740 3713 837 3784 ἐλέγετο
865 3713 892 3767 δὲ
915 3714 958 3766 καὶ
985 3714 1094 3786 μοσχῖας
1123 3716 1136 3768 ὃ
1167 3716 1263 3786 τριέοης
1293 3719 1362 3788 κριός

200 3809 215 3845 e
228 3792 310 3846 Suida
322 3796 349 3846 et
360 3793 498 3862 Hesychio
511 3796 667 3864 corrigenda
679 3799 742 3850 sunt
759 3798 789 3851 in
801 3798 905 3869 μοσχίον
924 3797 961 3866 (δὲ
980 3801 1020 3852 τὸν
1038 3802 1151 3870 πρῶτον)
1171 3799 1268 3870 ἐλέγετο
1281 3798 1308 3852 δὲ
1320 3801 1362 3852 καὶ

202 3876 318 3948 (ἀρνειὸς)
346 3879 360 3930 ὁ
388 3879 485 3951 τριέτης
511 3881 588 3952 κριός.
626 3883 658 3934 cf.
682 3880 798 3950 Hesych.
836 3882 941 3954 ἀρνειὸς·
968 3883 981 3935 ὁ
1009 3884 1106 3955 τριέτης
1133 3885 1210 3955 κριός.
1240 3915 1273 3922 -
1296 3885 1362 3938 falso

200 3959 306 4016 Lobeck
324 3961 393 4016 Prol.
413 3979 437 4031 p.
457 3964 491 4016 31
510 3963 681 4018 Eustathium
698 3983 724 4033 p.
744 3966 812 4019 1627
826 3983 861 4019 ex
873 3967 1050 4035 Aristophane
1066 3967 1191 4022 hausisse
1210 3970 1360 4022 contendit:

203 4061 281 4112 quem
301 4063 415 4100 errorem
433 4065 486 4102 non
503 4050 631 4102 refutavit
648 4048 742 4104 Nauck
760 4067 785 4118 p.
806 4049 901 4104 1011.
920 4050 963 4104 42.
989 4082 1022 4089 -
1045 4051 1299 4117 Ρ11111111111111ς
1320 4055 1362 4106 καὶ

202 4129 265 4200 ἀρὴν
282 4135 357 4224 ιταροίΙ
367 4139 421 4225 τρῖς
438 4141 555 4206 ποιηταῖς
572 4133 687 4188 καλεῖται
706 4138 784 4204 (quae
801 4135 876 4190 Eust.
896 4134 969 4188 Suid.
990 4135 1126 4201 omittunt)
1146 4138 1210 4204 quid
1230 4138 1362 4191 1111111111

200 4230 252 4266 non
270 4231 410 4283 perspicio.

290 4316 312 4381 2)
331 4317 364 4370 ad
391 4333 455 4372 oves
486 4321 513 4372 et
541 4336 631 4388 capras
654 4323 734 4375 refert
757 4338 852 4376 versus
881 4321 1046 4392 Homericos
1074 4324 1176 4378 rectius
1208 4323 1254 4377 ille
1283 4341 1362 4396 111111

200 4403 326 4468 excerpta
343 4402 546 4472 Aristophanae.
