3106 4994
340 482 439 544 Altera
472 485 578 560 glossa,
613 505 700 562 quam
729 486 887 544 Ilresenins
916 486 948 544 in
975 486 1103 544 indicem
1130 505 1187 545 non
1216 488 1334 564 recepit,
1363 507 1426 564 ego

252 588 322 646 ilem
345 587 530 663 Aristophani
554 588 680 662 assigno,
703 594 749 646 est
771 585 895 671 λέμφος,
918 605 994 665 qnae
1017 593 1113 646 exstat
1136 589 1167 646 in
1195 591 1336 665 ampliore
1366 591 1424 650 illo

251 690 314 747 loco
336 689 418 748 Enst.
442 709 468 765 p.
496 694 588 763 1761,
615 693 667 749 16;
696 687 787 773 δῆλον
817 687 850 749 δὲ
880 683 924 750 ὅτι
951 708 984 750 τε
1013 688 1125 774 λέμρος
1158 688 1218 768 [διὰ
1248 699 1300 752 τού
1330 711 1350 776 ρ
1382 687 1423 752 ού

253 791 313 872 μήν
343 787 390 849 διὰ
419 797 469 852 τοῦ
499 790 527 870 β]
556 785 575 874 ή
614 798 762 875 πεπηγυῖα
792 788 870 874 μύόα
903 792 981 852 κατὰ
1008 792 1078 861 τοὺς
1106 790 1249 866 παλαιούς
1284 788 1330 871 [ἐκ
1357 802 1422 854 τῶν

253 895 424 976 poniificem
448 913 474 952 ν.
497 894 600 953 Nauck
624 914 651 971 p.
679 899 739 955 173
764 901 822 952 not.
849 894 910 972 22],
935 889 1007 953 ὅθεν
1030 894 1080 953 καὶ
1108 891 1221 977 λέμφος
1250 890 1266 954 ὁ
1290 889 1418 979 εὐήθης,

252 1103 335 1156 semel
357 1103 389 1156 ab
412 1104 552 1172 Apollonio
575 1103 700 1172 Sophiste
727 1104 779 1158 lex.
806 1103 884 1157 Hom.
913 1103 956 1162 81,
975 1102 1009 1156 25
1038 1101 1165 1174 (ζωστρα).
1194 1103 1226 1156 sd
1255 1104 1422 1158 Zenodorum

251 1188 387 1240 referenda
406 1191 469 1241 sunl
487 1205 554 1256 quae
573 1187 647 1242 Suid.
671 1204 692 1242 s.
718 1206 743 1242 v.
763 1187 901 1260 Ζηνόδοτος
928 1186 1109 1260 Ἀλεξανδρεύς
1141 1187 1258 1242 tradidit.
1288 1189 1423 1243 misellam

251 1272 314 1326 libii
335 1272 477 1326 Zenodorei
497 1273 627 1342 epitomen
653 1291 667 1326 e
687 1273 779 1326 codice
803 1273 891 1326 Alhoo
914 1273 999 1325 edidit
1021 1272 1117 1326 Miller.
1142 1273 1252 1326 eundem
1275 1274 1302 1326 in
1327 1275 1422 1328 codice

252 1357 430 1410 Lameniiano
458 1360 564 1412 exstare
593 1358 665 1411 dixit
682 1357 832 1411 Fresenius.
870 1357 1060 1410 Eustaihianos
1082 1356 1155 1411 locos
1179 1357 1293 1426 singulis
1321 1358 1421 1427 glossis

252 1441 388 1495 aMillero
412 1443 548 1496 adnotatos
572 1459 663 1496 omnes
686 1460 700 1496 e
724 1443 858 1495 Zenodoro
881 1441 994 1494 fluxisse
1018 1457 1082 1494 cave
1107 1458 1140 1494 ne
1164 1442 1263 1496 credas
1292 1443 1419 1510 equidem

252 1543 300 1580 sex
320 1529 422 1580 lunium
440 1526 513 1581 locos
532 1528 632 1595 inveni7
653 1531 699 1596 qui
718 1528 749 1580 ad
770 1527 935 1580 Zenodormn
953 1526 1020 1578 mihi
1039 1527 1171 1579 refeiendi
1190 1527 1322 1582 videnlur.

341 1626 364 1678 1.
384 1625 459 1680 Eust.
482 1644 507 1694 p.
526 1626 587 1694 460,
615 1625 740 1688 31...είς
763 1634 834 1678 τοῦτο
863 1623 890 1678 δέ
913 1626 1094 1678 ὑπεναντιοῦται
1122 1625 1135 1677 ό
1160 1623 1250 1676 εἰπὼν
1278 1625 1313 1678 ὅτι
1341 1627 1418 1696 ζυγός

252 1709 335 1780 [ζυγόν
353 1710 460 1779 Zenod.]
480 1708 538 1782 παρ’
555 1709 661 1782 Ὁμήρῳ
680 1709 708 1762 ού
728 1710 847 1780 συνήθως
873 1709 910 1761 ἐπὶ
934 1709 1058 1778 σταθμοῦ·
1083 1709 1154 1780 ζυγὸν
1170 1713 1219 1781 γὰρ
1239 1711 1330 1773 ἐκεῖνος
1355 1704 1422 1764 οἶδεν

252 1795 366 1865 ἅρματος
383 1794 427 1847 καί
444 1795 553 1867 ἀμάξης,
572 1795 615 1847 καί
634 1793 781 1866 ζυγόδεσμον
799 1793 887 1862 ἱμάντα
905 1796 944 1844 τόν
963 1794 1033 1863 ζυγόν
1051 1799 1098 1844 τῶν
1116 1793 1186 1864 ζῴων
1204 1795 1343 1864 ζευγνύντα.
1355 1834 1361 1847 .
1372 1835 1378 1847 .
1389 1834 1417 1849 ..

251 1877 319 1949 λέγει
337 1877 364 1931 δὲ
382 1881 424 1931 καὶ
444 1880 457 1932 ύ
481 1879 594 1951 ῥηθείς
616 1886 778 1951 προσεχῶς
800 1877 947 1938 παλαιός·
970 1879 1032 1948 ζυγὰ
1055 1877 1243 1950 καίικαθέδραι
1267 1880 1420 1950 ἐρεσσύντων,

253 1963 313 2016 ὅθεν
331 1963 448 2035 ὑψίζυγος
467 1965 481 2016 ύ
500 1964 577 2034 iidie).
595 1962 722 2035 καθέδραν
739 1961 810 2033 ἔχων.
839 1963 872 2015 cf.
897 1962 992 2014 Zenod.
1015 1961 1105 2014 Miller
1127 1979 1152 2030 p.
1176 1962 1235 2015 409.
1259 1963 1345 2030 Apoll.
1365 1963 1419 2016 lex.

252 2047 321 2115 81,6.
342 2048 428 2115 161,9.

340 2146 365 2199 2.
384 2145 460 2199 Eust.
479 2163 504 2214 p.
524 2145 587 2216 618,
605 2146 640 2199 23
667 2145 800 2206 παλαιός
823 2142 854 2196 δέ
872 2161 920 2207 τις
947 2145 1034 2216 γράφει
1052 2143 1116 2196 υύτω
1135 2145 1227 2217 ῥητῶς·
1247 2144 1374 2218 μινυρίζειν
1391 2149 1419 2198 τὸ

251 2227 337 2300 ἠρέμα
350 2229 393 2283 καί
410 2230 498 2284 λεπτόν
510 2228 585 2300 ᾄδειν,
603 2229 627 2283 ol
641 2229 667 2282 δέ
680 2247 741 2290 τινες
755 2228 781 2294 [δ
790 2228 899 2300 ποιητής
909 2227 1018 2296 Zenod.]
1032 2231 1060 2282 τδ
1069 2230 1171 2300 θρηνεῖν
1179 2230 1222 2282 καί
1237 2229 1417 2301 ἀποδύρεσθαι.

252 2314 285 2366 cf.
306 2314 402 2368 Zenod.
421 2331 446 2382 p.
464 2313 526 2367 410.

340 2413 365 2465 3.
384 2412 461 2467 Eust.
480 2430 505 2481 p.
519 2411 616 2476 666‚24
642 2409 718 2463 ἰστέον
740 2409 767 2463 δέ
786 2410 822 2463 ύτι
841 2411 854 2463 ὁ
872 2409 962 2464 εἰπὼν
981 2412 1008 2464 ἐν
1026 2418 1064 2481 τῷ
1083 2410 1151 2482 περί
1170 2412 1317 2481 σώματος
1335 2412 1419 2483 λόγῳ

252 2497 288 2549 ότι
307 2495 384 2567 δέμας
403 2501 447 2564 μὲν
465 2497 502 2550 ἐπὶ
520 2497 617 2559 ζιύντων
635 2495 674 2548 ἀεὶ
692 2500 761 2568 παρὰ
783 2499 810 2548 τό
829 2494 903 2565 δῶμα
922 2491 983 2548 είναι
1001 2497 1098 2568 ψυχῆς,
1117 2503 1191 2566 σῶμα
1209 2495 1236 2549 δέ
1256 2496 1293 2550 ἐπὶ
1312 2497 1418 2568 ἀλόγων,

253 2581 288 2644 εἰς
307 2586 351 2651 μέν
373 2585 400 2635 τό
419 2590 514 2654 τρόπον
535 2580 718 2653 εύστοχώτερον
743 2578 800 2652 ὄρη,
829 2580 933 2643 ἀλλοῖος
958 2580 984 2634 δὲ
1007 2580 1127 2643 διεξέπεσε
1155 2586 1220 2634 κατὰ
1247 2584 1274 2634 τὸ
1299 2580 1418 2653 δεύτερον.

236 2666 330 2737 Ιἐχρῆν
354 2671 404 2738 γὰρ
427 2666 617 2720 ἀκολουθοῦντα
639 2673 692 2727 τοῖς
716 2664 834 2727 παλαιοῖς
857 2663 938 2730 εἰπεῖν,
967 2666 1003 2718 ύτι
1030 2672 1105 2734 σῶμα
1132 2664 1159 2718 δὲ
1182 2665 1219 2717 ἐπὶ
1247 2665 1356 2737 ἀψύχων,
1384 2666 1419 2728 ὡς

252 2747 328 2821 δηλοῖ
346 2749 421 2812 αύτδς
441 2751 532 2813 ἐκεῖνος
552 2751 682 2821 ἐπαγαγὼν
698 2748 891 2820 παραδείγματα
908 2748 974 2803 κτλι
993 2750 1132 2818 impugnat
1149 2750 1233 2818 igitur
1245 2748 1320 2802 Eusl.
1335 2749 1417 2803 Zeno·

252 2833 346 2886 dorum
364 2833 464 2902 (Miller
481 2852 507 2903 p.
526 2834 589 2900 409)
609 2834 772 2889 scholiorum
792 2835 827 2904 (A
846 2833 907 2900 115)
927 2835 1110 2889 auctoritatem
1133 2833 1173 2886 illi
1192 2834 1349 2901 praefemns.
1379 2836 1414 2887 cf.

252 2916 339 2985 Apoll.
358 2917 411 2972 lex.
433 2919 492 2986 148,
511 2919 553 2974 23.

341 3015 366 3068 4.
387 3017 462 3071 Eust.
474 3035 498 3085 p.
509 3017 569 3085 654,
580 3017 614 3070 53
633 3016 664 3071 ol
681 3015 714 3068 δέ
733 3017 864 3069 παλαιοὶ
882 3016 982 3086 λέγουσι
994 3016 1037 3068 καὶ
1056 3025 1144 3068 ταῦτα·
1154 3015 1238 3068 ἀλύειν
1252 3016 1416 3084 ἐκτεταμένως

254 3097 341 3171 [ήγουν
359 3105 422 3170 μετὰ
441 3111 541 3174 μακρᾶς
564 3101 774 3174 παραληγούσης]
799 3099 836 3152 ἐπὶ
858 3108 901 3152 τοῦ
924 3103 988 3169 μετὰ
1014 3099 1097 3171 λύπης
1123 3101 1264 3172 περιπάτου·
1290 3099 1326 3162 εἰς
1344 3098 1358 3152 δ
1376 3102 1418 3152 καί

252 3186 390 3257 παράγουσι
409 3186 514 3258 χρήσεις
531 3183 671 3257 Ὁμηρικὰς
690 3188 733 3254 μέν
751 3183 933 3246 σοστελλούσας
952 3183 979 3236 δέ
998 3185 1043 3256 τήν
1065 3185 1095 3238 λῖν
1114 3184 1246 3254 συλλαβήν
1263 3185 1377 3246 ταύτας..
1388 3224 1412 3237 ..

250 3267 294 3320 καί
306 3269 410 3341 μήποτέ,
424 3291 492 3342 φασι,
506 3279 577 3324 τούτο
588 3269 768 3341 ἐσχημάτισται
781 3272 852 3340 παρὰ
865 3271 892 3322 τδ
903 3267 1001 3332 ἀλύτως
1010 3267 1074 3340 ἔχειν
1083 3270 1128 3340 τήν
1136 3267 1228 3340 ψυχήν.
1237 3269 1417 3340 προσεπάγουσι

252 3352 339 3407 δὲκαὶ
357 3358 397 3407 τδ.
409 3394 415 3408 .
426 3395 433 3408 .
444 3363 536 3409 ,κεῖται
558 3353 593 3418 δέ,
611 3371 679 3424 φασι,
701 3351 744 3405 καί
763 3351 800 3405 ἐπί
818 3361 910 3424 χαρᾶς,
933 3353 978 3406 ούκ
1001 3353 1049 3406 ἀπδ
1067 3353 1218 3426 τἠςαύτής
1242 3352 1342 3416 ἐννοίας,
1362 3350 1417 3404 ἀλλ’

253 3438 301 3492 ἀπὸ
328 3447 371 3493 τοῦ
400 3439 563 3492 ἀλεαίνεσθαι
584 3439 669 3510 ψυχήν
686 3436 729 3489 καί
752 3436 905 3509 διαχεῖσθαι,
929 3431 980 3490 οἷον
1002 3434 1039 3509 „h
1062 3437 1218 3502 ἀλύεις...“
1241 3441 1268 3506 (σ
1285 3437 1356 3504 333).
1384 3439 1415 3489 cl.

254 3523 349 3576 Zenod.
369 3541 394 3590 p.
413 3509 465 3576 411
485 3521 599 3594 (χρήσεις
618 3520 688 3587 ουκ).

341 3621 367 3674 5.
385 3621 461 3676 Eust.
480 3637 505 3688 p.
526 3619 584 3686 702,
608 3619 642 3672 33
666 3619 702 3670 ύτι
724 3617 751 3671 δὲ
774 3622 801 3671 τό
835 3619 968 3689 μαίνεσθαι
1000 3619 1045 3672 οὐκ
1068 3620 1105 3672 ἐπί
1127 3621 1203 3689 μόνου
1226 3628 1269 3672 τοῦ
1293 3617 1415 3689 συνήθους

253 3704 292 3757 ἀεί
311 3705 414 3769 τίθεται,
434 3707 468 3767 ὡς
486 3708 544 3768 πύ,,.
556 3744 562 3756 .
573 3743 580 3756 .
591 3708 621 3755 .“
653 3702 721 3756 ἀλλὰ
743 3702 786 3755 καὶ
809 3703 846 3755 ἐπί
869 3684 978 3776 σφοδρᾶς
995 3704 1116 3775 κινήσεως
1134 3703 1177 3756 καί
1196 3701 1318 3775 ἐνεργείας
1337 3704 1372 3765 ὡς
1390 3707 1415 3755 τὸ

252 3789 383 3860 ,μαίνεται
393 3787 414 3842 δ’
424 3790 460 3852 ὡς
473 3786 508 3841 ὅτ’
516 3787 632 3860 Ἀρης“,
647 3784 768 3859 ύἝκτωρ
781 3785 896 3858 δηλονότι
906 3787 939 3857 (0
945 3780 1039 3857 605111
1049 3787 1083 3859 δή
1092 3788 1160 3858 λύγῳ
1169 3787 1213 3840 καὶ
1222 3786 1281 3859 δόρυ
1290 3786 1416 3857 ,μαίνεται

254 3874 278 3926 έν
294 3874 442 3943 παλάμαις“
461 3873 492 3941 (Θ
512 3871 582 3938 111),
601 3878 832 3942 παρασημειοῦνται
850 3870 873 3924 υἱ
891 3871 1002 3926 παλαιοί
1023 3874 1055 3925 cf.
1076 3872 1172 3925 Zenod.
1191 3889 1216 3940 p.
1235 3871 1296 3924 411.

343 3971 367 4024 6.
392 3971 466 4024 llust.
495 3988 520 4039 p.
550 3969 609 4035 710,
634 3967 668 4021 10
695 3970 847 4039 σημειωτέον
883 3968 909 4021 δέ
942 3971 1052 4023 ἐνταῦθα
1078 3971 1121 4022 καὶ
1158 3971 1193 4024 ότι
1230 3973 1310 4022 κατὰ
1347 3971 1414 4030 τοὺς

252 4056 408 4117 παλαιοὺς
427 4059 454 4108 τό
473 4056 600 4126 μέμνημαι
618 4052 648 4105 σύ
661 4053 732 4121 μόνον
750 4054 777 4104 τὸ
797 4053 906 4126 σύνηθες
918 4055 961 4107 καί
972 4058 1050 4107 κυινδν
1063 4053 1139 4126 δηλοῖ
1150 4059 1215 4107 κατὰ
1230 4054 1276 4125 τήν
1288 4053 1415 4124 εἰρημένην

254 4141 388 4211 σημασίαν,
408 4139 528 4194 ἀλλὰκαὶ
538 4137 588 4192 ἀντὶ
597 4145 640 4191 τοῦ
660 4135 833 4205 ἐπιμελεῖσθαι
843 4137 1005 4208 λαμβάνεται.
1016 4140 1049 4192 cf.
1064 4139 1159 4193 Zenod.
1174 4155 1198 4206 p.
1212 4138 1272 4192 411.
1287 4138 1415 4190 -omniu

254 4225 309 4277 fere
330 4225 478 4278 Zenodorea
496 4225 578 4278 etium
596 4223 625 4274 in
644 4219 756 4274 scholiis
774 4220 925 4277 Homen'ois
943 4226 971 4276 et
989 4224 1017 4276 in
1029 4223 1154 4291 Apolloni
1166 4223 1254 4276 lexico
1268 4224 1413 4276 occmmint.

254 4311 285 4362 ut
303 4309 370 4362 mihi
389 4309 498 4378 quidem
508 4309 621 4363 dubium
639 4305 683 4371 sit,
703 4305 760 4372 ipse
772 4305 931 4362 Eustelhius
945 4308 1109 4361 Zenodomm
1128 4306 1282 4361 adhibuerit
1300 4323 1332 4358 an
1346 4304 1416 4358 locos

255 4393 315 4447 illos
334 4411 348 4447 e
367 4394 478 4448 scholiis
498 4395 555 4446 suis
574 4393 616 4446 vel
635 4411 649 4448 e
668 4393 816 4462 Porphyric
835 4393 1036 4461 deprompsen't.
