3106 4994
728 257 767 311 25

161 471 367 547 γραμματικοῦ
382 457 608 548 Ἀριστοφάνους
630 461 801 545 παράδοσιν.
848 459 931 540 [ἴσως
953 462 1010 542 γὰρ
1033 455 1090 522 οόκ
1119 456 1212 545 ἐχρῆν
1240 455 1325 542 ἀνδρὶ

162 567 216 648 τὴν
233 565 377 649 ’τοιαόιην
406 564 616 651 προσρηθήναι
639 563 716 636 λέξιν
740 565 789 626 διὰ
803 565 846 625 ,τὸ
870 560 998 646 ἀδρανὲς
1023 563 1077 624 καὶ
1098 562 1323 640 δυσοιώνιστόν).

163 675 294 728 extrema
309 671 397 728 verba
419 670 517 746 inepta
538 670 645 729 adiecit
658 669 838 741 Eustatliius,
854 668 904 744 qni
920 686 978 726 non
992 669 1165 727 meminerat
1181 684 1212 726 se
1228 667 1325 742 ipsum

163 768 377 854 ἐσχατόγηρως
390 773 562 831 uocabulum
573 773 604 830 in
616 766 747 852 ἀρρένων
759 765 886 853 ἡλικίαις
897 771 944 829 bis
954 770 1068 829 tradere
1081 770 1117 846 (p.
1134 773 1205 829 727.
1221 768 1324 843 1788),

163 875 198 932 of.
223 873 340 933 l'resen.
364 894 390 951 p.
417 879 478 934 117
501 893 529 932 n.
555 878 582 934 3.

251 977 351 1036 Altera
372 982 452 1052 parte
479 977 582 1052 capitis
599 974 665 1056 περὶ
682 969 845 1056 ὀνομασίας
867 968 987 1057 ἡλικιῶν
1008 975 1218 1051 Aristophanes
1240 973 1324 1031 ani-

164 1078 310 1136 malium
326 1079 455 1137 cuiusvis
470 1079 572 1137 aetatis
583 1078 701 1137 nomina
717 1077 871 1136 recensuit
887 1095 921 1136 ac
937 1077 973 1135 de
988 1077 1191 1135 mansuetis
1207 1075 1325 1151 quidem

163 1181 339 1238 animalibus
372 1181 598 1257 disputationem
631 1180 821 1254 integriorem
855 1197 952 1257 quam-
970 1185 1071 1238 cctera·
1094 1179 1188 1254 capita
1216 1178 1326 1236 Aristo-

165 1284 277 1358 phanea
311 1283 450 1341 exhibent
478 1282 508 1340 M
537 1288 567 1340 et
599 1282 769 1340 Eustatliius
803 1301 829 1358 p.
868 1285 961 1354 1625,
990 1285 1039 1342 32.
1073 1281 1191 1339 initium
1228 1280 1326 1356 dispar-

164 1384 281 1444 tationis
304 1384 397 1444 tribus
419 1385 492 1472 locis
514 1384 648 1444 tractant
659 1383 755 1442 sust:
780 1404 807 1460 p.
827 1388 920 1456 1625,
940 1387 1076 1457 32877,
1095 1387 1145 1443 43.
1167 1386 1259 1455 1648,
1276 1385 1325 1442 53.

166 1487 290 1560 singuiis
305 1487 476 1544 animalium
491 1486 648 1561 generibus
663 1486 695 1544 in
712 1486 743 1543 Μ
753 1487 932 1562 praecedunt
945 1485 1154 1562 appellationes
1177 1491 1326 1562 pastorum

165 1606 349 1664 gregrnnque
378 1589 424 1646 bis
452 1588 600 1647 formulis:
630 1581 658 1648 οἱ
681 1585 729 1648 δὲ.
745 1634 751 1648 .
767 1589 933 1670 ,νέμοντεςΙ
948 1634 956 1648 .
971 1627 999 1658 .,
1017 1587 1052 1648 τό
1076 1585 1109 1647 δὲ
1139 1584 1275 1670 πλῆθος.
1290 1632 1320 1646 ..

164 1688 246 1748 Eust.
270 1710 296 1766 p.
324 1694 416 1764 1625,
430 1695 470 1752 32
494 1691 626 1750 consulto
653 1709 703 1750 eas
726 1691 831 1763 omisit,
850 1709 952 1750 ornnes
975 1709 1044 1749 vero
1066 1691 1157 1748 simul
1179 1689 1328 1763 congessit

165 1811 192 1868 p.
208 1795 301 1864 1648,
315 1795 364 1852 53.
381 1794 467 1851 tertio
482 1793 609 1868 denique
625 1793 688 1852 loco
703 1793 740 1868 (p.
759 1797 831 1866 877,
842 1791 895 1870 49)
911 1793 1037 1852 fideliter
1052 1793 1162 1852 fontem
1173 1791 1326 1868 expressit

166 1894 356 1969 disputationi
378 1895 415 1954 de
439 1891 562 1978 μῇλαοῒ
585 1892 707 1977 μηλωτι)
731 1895 937 1954 vocabulorum
959 1913 1015 1953 usu
1043 1894 1212 1971 praemissis
1235 1895 1328 1952 nomi-

167 1996 253 2054 nibus
280 1997 404 2072 pastoris
431 1996 589 2073 gregisque
624 1999 735 2073 ouium3
769 1998 875 2074 incipit
907 2003 1005 2055 autem
1027 2016 1044 2054 a
1066 1997 1197 2071 generali
1230 1997 1328 2055 obser-

167 2099 281 2157 vatione
305 2092 438 2158 αἰπόλων
461 2097 512 2158 καὶ
531 2098 673 2178 συβωτῶν
689 2099 740 2160 καὶ
754 2107 813 2160 τῶν
836 2095 937 2159 ἄλλων
960 2094 1042 2175 γένος
1066 2093 1081 2158 ὁ
1106 2097 1218 2180 optor.
1253 2117 1327 2173 quae

167 2201 255 2258 verba
288 2200 358 2276 quid
399 2200 454 2258 sibi
487 2202 587 2275 velint,
610 2202 744 2277 ignorare
772 2203 888 2262 ridetur
903 2201 1076 2272 ,Fresenius
1117 2202 1167 2276 qui
1196 2219 1264 2260 cum
1290 2201 1333 2257 de

167 2302 297 2377 priorum
311 2302 440 2360 locorum
452 2301 489 2378 (p.
506 2307 598 2364 1625.
623 2307 717 2381 1648)
736 2305 847 2364 ratione
876 2310 955 2363 recte
966 2303 1165 2380 disputaverit,
1182 2303 1219 2361 de
1230 2303 1328 2360 verbis

167 2404 321 2480 descriptis
344 2405 386 2462 sic
409 2405 517 2463 iudicat
539 2407 576 2481 (p.
603 2405 668 2482 61);
686 2407 849 2482 „peculiare
872 2412 971 2466 entem
989 2405 1193 2482 disputationis
1216 2405 1327 2462 Aristo-

167 2505 296 2582 plumeae
322 2508 487 2565 membrrun
509 2508 581 2566 haec
608 2509 695 2566 verba
724 2508 796 2566 milii
824 2525 890 2568 esse
918 2509 1080 2567 videnturt‘
1109 2506 1145 2566 in'
1169 2507 1329 2584 appendice

135 2657 138 2666 .
168 2626 236 2666 xero
270 2608 317 2665 liis
343 2609 441 2668 verbis
469 2627 537 2668 eum
571 2609 668 2668 locum
702 2611 804 2668 tribuit
826 2611 899 2687 (44),
932 2617 966 2670 ut
993 2611 1100 2692 νομεὺς
1132 2627 1239 2668 nornen
1271 2610 1326 2666 nisi

167 2709 204 2766 de
227 2711 325 2768 ovium
343 2716 456 2787 pastore
485 2729 543 2769 non
564 2712 621 2770 dici
644 2713 755 2771 credas.
801 2713 917 2772 initium
940 2713 1030 2772 totius
1045 2712 1249 2790 disputationis
1268 2711 1329 2768 illis

168 2813 265 2870 verbis
282 2814 439 2887 significari
454 2814 643 2872 manifestum
658 2819 717 2874 est:
732 2815 840 2897 νομεὺς
855 2817 952 2891 glossa
967 2822 1035 2874 ante
1050 2825 1129 2873 n'um.
1148 2819 1188 2875 33
1204 2814 1328 2889 append.

168 2912 285 2972 Fresen.
320 2916 534 2992 transponenda
568 2922 621 2974 est.
666 2916 801 2976 Eustathi
838 2916 936 2978 verba
963 2917 1001 2976 τὰ
1037 2924 1090 2976 του
1126 2921 1329 2998 γραμματικοῦ

169 3011 398 3095 Ἀριστοφάνους
415 3013 524 3099 ἔχοντα
541 3011 617 3078 οὕτω
635 3035 707 3091 πως
719 2995 850 3079 indicant
861 3039 919 3080 non
931 3020 1067 3079 continua
1083 3020 1180 3078 omnia
1194 3016 1329 3084 describi,

169 3117 220 3175 sed
236 3118 313 3176 inter
324 3119 430 3196 νομεός
441 3121 570 3195 glossam
587 3126 618 3180 et
632 3123 719 3182 verba
735 3116 813 3183 oiim)
830 3119 862 3182 δὲ
877 3122 927 3182 καὶ
942 3123 1089 3203 ποιμένων
1111 3120 1223 3196 aliquid
1234 3120 1328 3178 omitti
1377 3173 1381 3182 .

168 3219 284 3296 (nempe
307 3221 532 3297 disputationem
555 3224 592 3282 de
612 3223 726 3300 capris).
743 3225 874 3302 excerpti
895 3224 926 3282 M
952 3242 1068 3300 quoque
1096 3225 1185 3282 verba
1205 3216 1330 3293 αἰπόλος

169 3322 222 3402 μὲν
257 3316 273 3381 ὁ
305 3330 362 3382 τῶν
394 3317 484 3399 αἰγῶν
512 3324 620 3407 νομεός
654 3327 827 3386 vocabulum
861 3326 966 3409 νομεός
1004 3327 1036 3384 in
1066 3326 1151 3384 initio
1180 3325 1329 3384 exstitisse

168 3423 375 3482 demonstrant.
410 3444 477 3484 nam
499 3427 530 3484 in
547 3427 653 3486 ceteris
674 3429 831 3502 generibus
849 3433 1015 3488 constanter
1031 3428 1139 3486 codicis
1151 3427 1182 3485 ll
1192 3426 1329 3504 librarius

168 3525 222 3583 hac
243 3526 367 3584 formula
390 3528 495 3586 utitur:
520 3524 547 3589 οἱ
570 3527 618 3589 δὲ.
634 3523 817 3611 ..νέμοντες
841 3532 929 3590 verba
957 3525 1088 3591 αἰπόλων
1114 3527 1165 3588 καὶ
1188 3527 1329 3606 συβωτῶν

167 3626 298 3687 καὶτῶν
321 3624 422 3689 ἄλλων
445 3631 529 3705 γένος
545 3626 560 3690 ό
576 3630 685 3713 νομεός
708 3632 758 3690 ille
781 3633 887 3707 omisit,
911 3651 1017 3692 nomen
1039 3650 1110 3690 vero
1133 3630 1239 3713 νομεὺς
1261 3649 1329 3689 cuni

169 3730 359 3804 sequentibus
382 3733 546 3792 coniunxit:
570 3727 693 3803 αἰπόλος
710 3736 764 3816 μὲν
783 3729 799 3794 ὁ
816 3742 874 3793 τῶν
891 3733 979 3812 αἰγῶν
995 3733 1110 3816 νομεὺς.
1317 3717 1321 3725 ’

257 3833 396 3892 Consulto
407 3834 489 3894 Eust
502 3855 528 3912 p.
545 3840 627 3896 1625
641 3838 737 3896 omnia
749 3837 946 3913 praetenuisit
957 3855 1031 3913 quae
1044 3856 1071 3914 p.
1084 3841 1146 3896 877
1162 3841 1229 3912 etp.
1245 3817 1328 3896 itta

169 3935 239 3992 satis
253 3943 388 3995 accurate
404 3939 543 3997 tractant.
567 3958 594 4015 p.
614 3943 697 4000 1648
713 3944 829 4015 praeter
843 3944 992 4015 pastorum
1014 3956 1197 4014 gregumque
1213 3938 1329 3995 nomina

168 4036 242 4093 nihil
268 4037 330 4097 fere
364 4039 491 4113 exhibet,
526 4041 597 4117 quin
631 4061 658 4118 p.
683 4044 745 4101 877
781 4041 909 4116 legabu:
945 4045 1032 4117 atque
1067 4040 1169 4099 eadem
1203 4040 1331 4098 brevitor

167 4200 246 4244 ταῦτα
265 4193 278 4245 ὁ
297 4190 425 4258 Ἀλεξίων,
453 4195 491 4265 μὴ
522 4193 594 4248 εἰπὼν
614 4195 657 4248 καὶ
684 4196 720 4259 τίς
739 4197 753 4248 ὁ
772 4195 895 4265 πέμπελος
923 4195 1000 4266 (Lyc.
1026 4194 1088 4262 125)
1115 4194 1158 4247 καὶ
1176 4193 1190 4245 ὁ
1208 4198 1277 4263 παρὰ
1296 4201 1330 4262 τῷ

168 4276 304 4348 Λυκόφρονι
332 4277 405 4348 (793)
433 4286 522 4351 σῶφοιρ,
550 4278 643 4344 ἀλλ’ὡς
666 4280 732 4343 εἰτὀς
755 4279 797 4333 διὰ
819 4287 862 4332 τοῦ
890 4281 1068 4351 ἐσχατόγηρως
1096 4277 1261 4349 συνδηλιίνοοις
1288 4278 1330 4328 καὶ
1354 4278 1358 4284 ’

170 4360 267 4424 αὐτούς.
305 4379 354 4415 nec
373 4362 471 4415 Pollux
489 4365 623 4417 memorat.
652 4381 655 4386 ¹
