3106 4994
798 235 881 303 τι,

235 436 375 521 ἀνέλκει)
396 443 449 516 τάς
470 440 598 525 θηλείας
625 441 773 511 καὶτοὺς
799 437 897 516 olere.
944 443 1023 503 idem
1051 447 1196 502 testantur
1224 443 1305 502 Plrot.
1334 444 1406 501 lex.

233 544 307 603 rhet.
331 543 421 604 Bekk.
447 549 578 618 298,10
601 546 709 606 Moeris
726 550 798 620 207,
815 549 856 606 32
881 545 960 605 Suid.
977 545 1207 604 ——uocabulum
1230 541 1406 605 παιδίσκιον

234 646 286 724 (Μ)
301 646 371 705 alibi
385 665 531 723 nusquam
548 648 709 723 invenitur3
727 648 826 724 itaque
844 647 946 707 Nauck
963 646 1127 724 (Melonges
1149 635 1406 706 Grcoo-Romeins

234 768 261 824 p.
282 748 355 824 175)
381 767 398 807 e
420 749 539 808 Polluce
562 743 702 831 παιδίσκη
729 750 888 826 legendum
909 750 1031 809 censuit.
1078 749 1216 826 equidem
1237 750 1335 808 nescio
1359 768 1406 806 an

234 857 391 927 utrmnque
406 851 566 910 tenendum
582 851 629 924 sit,
651 856 685 910 ut
698 847 837 934 παιδίσκη
860 853 892 910 in
915 852 946 910 Μ
968 847 1131 912 παιδίσκιον
1146 852 1224 928 apud
1239 851 1405 910 Pollucem

235 953 384 1011 exciderit.
408 954 585 1012 centenum
606 953 749 1014 accidisse
771 954 888 1012 videtur
910 955 941 1012 in
963 955 1090 1035 κορίσκη
1113 953 1166 1031 (Μ)
1191 959 1221 1012 et
1242 948 1403 1033 κορίσκιον

235 1052 337 1130 (Poll).
351 1089 393 1096 —-
404 1073 463 1115 non
477 1055 588 1114 iustum
601 1054 698 1114 locum
715 1056 745 1114 in
757 1055 789 1114 M
799 1056 911 1133 accepit
923 1052 1027 1139 μεῖραξ
1038 1056 1221 1129 vocobulum,
1240 1054 1318 1131 quod
1329 1059 1404 1131 post

235 1153 311 1237 κόρη
322 1156 371 1215 vel
381 1153 532 1236 παρθένος
543 1159 791 1234 transponendum
805 1165 852 1218 est
862 1159 926 1217 coll.
941 1177 1003 1218 exe.
1017 1150 1058 1217 ἐπ’
1076 1151 1210 1237 ἀρρένων
1225 1163 1256 1216 et
1266 1157 1402 1215 Polluce.

235 1257 430 1332 fragmentum
453 1251 540 1318 huius
563 1259 766 1336 disputationis
789 1261 928 1320 exhibere
950 1260 1067 1319 videtur
1081 1259 1162 1318 Eust.
1186 1279 1213 1335 p.
1240 1263 1333 1331 1164,
1355 1263 1402 1318 20

236 1352 534 1442 ὑποκοριστικώτερον
564 1358 597 1421 δὲ
620 1358 774 1423 παιδίσκον
789 1362 823 1422 τό
839 1360 1079 1443 παιδισκάριον.1)
1124 1358 1205 1444 dolo
1227 1358 1261 1420 δὲ
1283 1354 1402 1420 ἐκείνοι)

236 1457 256 1543 ἡ
280 1459 428 1546 παιδίσκη,
446 1457 486 1536 ὡς
500 1463 617 1524 καὶτοῦ
635 1458 828 1547 μειρακίσκοι)
851 1458 870 1546 ἡ
888 1464 1072 1546 μειρακίσκη.
1112 1464 1147 1522 of.
1171 1464 1220 1520 Ar.
1243 1463 1317 1521 Rau:
1333 1467 1401 1523 409

237 1564 313 1623 Plut.
332 1569 403 1626 963.
421 1601 462 1608 -
478 1567 578 1646 κόριον
600 1569 741 1647 κοράσιον
763 1563 888 1649 κορίσκη
912 1566 977 1625 sine
1000 1565 1165 1626 differentia
1188 1565 1220 1622 in
1242 1557 1275 1622 M
1298 1582 1402 1623 recen-

239 1671 347 1740 sentur,
385 1667 492 1727 Pollux
533 1670 672 1750 κοράσιον
707 1670 749 1746 (et
783 1665 924 1748 καρίδιον)
959 1669 1102 1746 improbat
1137 1686 1206 1725 cum
1239 1667 1400 1725 Atticistis:

237 1770 272 1828 ct.
312 1769 422 1842 Phryn.
461 1770 522 1830 Eol.
560 1791 586 1847 p.
617 1775 657 1834 73
694 1771 795 1851 κόριον
830 1765 850 1851 ἢ
891 1766 1021 1850 καρίδιον
1056 1763 1075 1851 ἢ
1110 1765 1238 1850 κορίσκη
1271 1765 1401 1844 λέγουσι,

237 1871 271 1930 τό
304 1868 337 1931 δὲ
365 1873 508 1952 κοράσιον
530 1871 707 1954 παράλογον.
747 1873 830 1932 Phot.
876 1870 1087 1953 παιδισκάριον
1131 1871 1273 1953 κοράσιον
1302 1867 1335 1929 δὲ
1364 1862 1401 1928 οὑ

239 1970 364 2048 λέγεται,
388 1968 541 2035 ἀλλὰκαὶ
565 1971 775 2058 κεκωμῴδηκε
795 1969 972 2057 Φιλιππίδης
995 1969 1037 2044 ὡς
1052 1971 1165 2042 ξενικόν
1185 1973 1283 2048 (Mein.
1320 1972 1400 2031 Gom.

239 2075 283 2134 IV
316 2077 399 2153 477).
450 2077 553 2137 itidem
589 2082 707 2156 propter
745 2072 854 2161 ἀφῆλιξ
892 2077 1025 2136 vocabuli
1063 2094 1151 2135 usum
1199 2074 1400 2148 Phryniolrum

240 2178 384 2236 comicum
398 2177 545 2256 vituperat
559 2180 746 2254 Phrynichus
756 2180 892 2240 Atticista
907 2179 968 2258 Eol.
984 2199 1010 2256 p.
1028 2182 1069 2239 84
1086 2179 1195 2252 Phryn.
1219 2176 1310 2235 Bekk.
1326 2181 1352 2248 1,
1375 2181 1400 2234 1.

240 2280 275 2338 ef.
292 2280 350 2338 lex.
374 2280 465 2359 Beku,
490 2285 563 2356 470,
575 2287 614 2342 21
627 2306 670 2327 1-22
682 2282 762 2342 Suid.
787 2276 1026 2364 ἀφηλικὲστερος.
1047 2315 1088 2322 -
1101 2276 1204 2362 μεῖραξ
1226 2278 1400 2337 vocabulum

239 2382 448 2458 Aristophanes
471 2383 630 2458 Byzantius
653 2385 742 2444 etde
769 2383 1007 2444 adulescentibus
1035 2388 1065 2441 et
1092 2382 1129 2440 de
1156 2381 1265 2458 puellis
1293 2398 1401 2439 memo-

241 2484 328 2542 rauit:
353 2484 460 2543 Pollux
482 2503 584 2545 rursus
599 2486 750 2546 Atticistas
773 2487 915 2564 sequitur,
939 2486 991 2563 qui
1013 2486 1158 2568 μείρακας
1180 2502 1239 2542 nou
1261 2481 1320 2540 dici
1342 2481 1400 2538 nisi

241 2586 354 2660 puellas
381 2587 495 2647 iubent:
520 2589 555 2648 cf.
578 2589 642 2649 Ael.
666 2589 749 2648 Dion.
773 2609 817 2666 ap.
840 2589 923 2648 Idust
950 2609 978 2665 p.
1005 2591 1097 2660 1390,
1121 2590 1161 2647 52
1190 2586 1300 2658 leyn.
1339 2582 1399 2640 Eol.

241 2707 268 2764 p.
300 2692 361 2748 212
390 2690 525 2749 Ammon.
548 2710 575 2767 p.
607 2695 647 2751 93
676 2691 784 2762 Moeris
815 2695 887 2764 203,
909 2695 958 2751 19.
988 2724 1029 2733 —-
1058 2685 1219 2770 προπόλιον
1248 2687 1400 2745 mulierem

242 2795 445 2850 senescentem
457 2791 528 2852 dicit
544 2792 584 2872 Μ,
601 2775 758 2854 ὑτίαπόλιον
770 2793 867 2851 uirum
885 2799 1088 2852 senescentem
1104 2790 1186 2850 Eust.
1199 2793 1229 2847 et
1243 2789 1288 2864 Μ,
1300 2788 1399 2846 Ναιιαίι

241 2892 279 2968 (p.
295 2896 335 2953 97
354 2912 382 2952 n.
402 2894 454 2969 20)
471 2886 627 2956 ὑποπόλιον
638 2900 806 2972 corruptum
826 2900 856 2955 et
872 2891 1029 2975 προπόλιον
1046 2892 1206 2968 legendum
1223 2908 1290 2949 esse
1303 2889 1400 2950 existi-

241 2995 339 3053 mauit
390 2997 444 3055 sed
472 2997 587 3056 ridetur
600 2998 810 3074 Aristophanes
825 3001 979 3072 utramque
1001 2996 1124 3053 somnam
1140 2993 1291 3070 probasse:
1316 3010 1399 3068 quam

177 3174 179 3180 Ι
243 3098 419 3158 sententiam
436 3100 587 3158 confirmat
608 3099 716 3158 Pollux
737 3098 768 3156 H
792 3102 841 3158 12.
867 3131 907 3139 -
931 3092 1143 3177 ἐσχατόγηρως
1165 3095 1202 3153 de
1231 3093 1400 3152 mulieribus

243 3199 354 3258 dictum
376 3219 415 3260 cx
436 3201 629 3278 Aristophane
651 3201 791 3276 Byzantio
812 3201 897 3258 affert
916 3199 1004 3258 etiam
1024 3191 1106 3256 Eust.
1126 3217 1153 3274 p.
1179 3199 1272 3269 1784,
1296 3200 1393 3256 23...

242 3299 296 3360 καί
310 3298 386 3361 ἔστιν
401 3295 496 3376 οὑτως
519 3297 678 3385 ὠμογέρων
695 3297 711 3362 ό
726 3300 885 3384 λεγόμενος
908 3297 1068 3382 προπόλιος
1092 3292 1137 3377 [οὑ
1153 3299 1249 3378 πέρας
1264 3291 1280 3358 ὑ
1293 3303 1397 3376 σῦραρ,

244 3396 284 3492 ιὺς
300 3399 331 3463 ἐν
347 3398 450 3473 ἄλλοις
465 3401 680 3486 δεδηλωταιΡ),
697 3398 796 3484 ὥσπερ
818 3397 943 3485 ηραόςὴ
960 3397 1172 3484 ἐσχατόγηρως
1186 3399 1266 3459 κατὰ
1281 3398 1335 3480 τἠν
1351 3404 1398 3458 τοῦ

334 3571 355 3636 ι)
375 3572 421 3626 sed
439 3572 505 3626 falso
523 3573 599 3626 Eust.
618 3573 650 3626 de
673 3573 763 3640 pueris
785 3571 953 3643 παιδισκάριον
975 3571 1097 3638 accipere
1119 3569 1234 3634 videtur,
1259 3567 1329 3635 quod
1353 3582 1398 3618 nou

244 3656 300 3708 nisi
312 3657 344 3710 de
362 3655 460 3723 puellis
479 3657 586 3711 dicitur
606 3657 639 3710 cl.
651 3656 774 3711 Menand.
784 3656 824 3709 IV
835 3656 894 3710 169.
903 3655 1025 3723 Hcsyoh.
1043 3653 1219 3724 παιδισκάριον·
1239 3653 1266 3704 τό
1289 3652 1398 3722 κοράσιον

243 3738 362 3793 Ἀττικοί·
399 3741 436 3794 ἐπὶ
453 3747 501 3812 τῆς
518 3740 630 3815 ἡλικίας.

334 3825 356 3890 2)
375 3825 489 3878 remittit
514 3825 672 3880 Eustcthius
699 3825 732 3878 ad
758 3843 783 3894 p.
810 3824 888 3892 1330,
909 3825 924 3877 7
948 3828 975 3876 ct
997 3840 1021 3891 p.
1047 3821 1125 3888 1762,
1148 3821 1189 3888 17,
1218 3820 1265 3872 ubi
1288 3834 1323 3871 ex
1352 3817 1398 3870 alio

248 3909 361 3976 quodam
389 3910 460 3963 fonte
483 3925 578 3963 senum
601 3910 709 3964 nomina
731 3912 853 3964 recenset
875 3906 1015 3980 ὠμοηὲρων,
1037 3908 1122 3979 κόρων,
1149 3903 1281 3976 πάμπολυς,
1309 3910 1395 3973 nepot:

245 4010 270 4061 p.
300 3994 411 4060 1330,7
434 3993 566 4066 ὠμογέρων
588 3993 615 4048 tt
642 3994 730 4068 ἡλικία
754 3992 915 4065 πρεσβυτική,
946 3989 1005 4061 μεθ’
1028 3988 1060 4062 ἢν
1085 3992 1170 4063 ηὲρων,
1195 3983 1250 4042 εἷται
1272 3985 1396 4056 πίμπελος,

245 4077 329 4131 ἔπειτα
347 4087 435 4151 σῦφοιρ,
453 4080 525 4133 καθὰ
542 4079 585 4132 καὶ
603 4077 737 4150 Λυκόφρων
754 4073 825 4130 οἶδεν.
853 4094 879 4144 p.
899 4075 976 4144 1762,
990 4075 1022 4128 17
1042 4072 1174 4146 ιὺμοηὲρων
1191 4076 1236 4142 μὲν
1251 4076 1300 4143 ηόιρ
1318 4069 1399 4143 ἡλικία

244 4165 356 4234 ηὲροντος
385 4162 440 4236 ἄρτι
466 4163 670 4236 παραλλάξαντας
692 4165 732 4215 τόν
754 4161 897 4231 ἀκμάζοντα
918 4160 962 4213 καί
995 4159 1156 4229 ἑλισσομέναν
1181 4155 1216 4219 εἰς
1239 4158 1266 4208 τό
1288 4153 1398 4225 λίηεσδαι

246 4249 331 4320 ηὲρων,
351 4243 404 4301 εἶτα
432 4246 467 4311 εἷς
490 4252 517 4302 τό
539 4247 671 4318 πέμπτλος,
697 4249 760 4316 μετά
782 4245 809 4298 δέ
829 4265 857 4316 ηε
882 4243 917 4307 εὶς
945 4247 972 4297 τό
998 4251 1087 4314 σῦφαρ.
1123 4240 1248 4311 πόμπελος
1272 4241 1299 4292 et
1327 4245 1397 4308 σῠραρ

247 4333 354 4386 nomina
373 4348 425 4388 non
443 4333 598 4386 memorauit
612 4331 811 4398 Aristophanes³
826 4330 896 4397 quod
909 4329 966 4397 ipse
979 4328 1054 4381 Eust.
1068 4326 1169 4380 indicat
1187 4342 1212 4392 p.
1233 4324 1309 4389 1788,
1320 4322 1364 4375 58.
1374 4361 1396 4374 ..
