<?xml version="1.0" encoding="UTF-8"?>
<!DOCTYPE html PUBLIC "-//W3C//DTD XHTML 1.0 Transitional//EN"
    "http://www.w3.org/TR/xhtml1/DTD/xhtml1-transitional.dtd">
<html xmlns="http://www.w3.org/1999/xhtml" xml:lang="en" lang="en">
 <head>
  <title>
</title>
<meta http-equiv="Content-Type" content="text/html;charset=utf-8" />
  <meta name='ocr-system' content='tesseract 3.04.00' />
  <meta name='ocr-capabilities' content='ocr_page ocr_carea ocr_par ocr_line ocrx_word'/>
</head>
<body>
  <div class='ocr_page' id='page_1' title='image "./quaestioneseust00cohngoog_0027.png"; bbox 0 0 3106 4994; ppageno 0'>
   <div class='ocr_carea' id='block_1_1' title="bbox 738 339 947 428">
    <p class='ocr_par' dir='ltr' id='par_1_1' title="bbox 738 339 947 428">
     <span class='ocr_line' id='line_1_1' title="bbox 738 339 947 428; baseline 0 0"><span class='ocrx_word' id='word_1_1' title='bbox 738 339 859 428; x_wconf 65' lang='grc'><strong>...11</strong></span> <span class='ocrx_word' id='word_1_2' title='bbox 945 425 947 428; x_wconf 85' lang='grc'>,</span> 
     </span>
    </p>
   </div>
   <div class='ocr_carea' id='block_1_2' title="bbox 258 547 1433 838">
    <p class='ocr_par' dir='ltr' id='par_1_2' title="bbox 258 547 1433 838">
     <span class='ocr_line' id='line_1_2' title="bbox 258 547 1432 626; baseline -0.001 -20"><span class='ocrx_word' id='word_1_3' title='bbox 258 547 432 623; x_wconf 81' lang='lat' dir='ltr'>exemplae</span> <span class='ocrx_word' id='word_1_4' title='bbox 466 547 627 607; x_wconf 77' lang='lat' dir='ltr'>Menandro</span> <span class='ocrx_word' id='word_1_5' title='bbox 660 549 787 607; x_wconf 83' lang='lat' dir='ltr'>afferunt</span> <span class='ocrx_word' id='word_1_6' title='bbox 826 547 907 607; x_wconf 88' lang='lat' dir='ltr'>Suid.</span> <span class='ocrx_word' id='word_1_7' title='bbox 944 548 1002 606; x_wconf 88' lang='lat' dir='ltr'>lex.</span> <span class='ocrx_word' id='word_1_8' title='bbox 1035 547 1127 607; x_wconf 78' lang='lat' dir='ltr'>sent.</span> <span class='ocrx_word' id='word_1_9' title='bbox 1162 551 1235 621; x_wconf 82' lang='grc'>436,</span> <span class='ocrx_word' id='word_1_10' title='bbox 1274 552 1312 608; x_wconf 88' lang='grc'>14</span> <span class='ocrx_word' id='word_1_11' title='bbox 1348 548 1432 626; x_wconf 84' lang='lat' dir='ltr'>(Aeli</span> 
     </span>
     <span class='ocr_line' id='line_1_3' title="bbox 258 642 1433 731; baseline 0.002 -25"><span class='ocrx_word' id='word_1_12' title='bbox 258 649 381 722; x_wconf 85' lang='lat' dir='ltr'>Dionysi</span> <span class='ocrx_word' id='word_1_13' title='bbox 403 650 461 708; x_wconf 86' lang='lat' dir='ltr'>tide</span> <span class='ocrx_word' id='word_1_14' title='bbox 483 649 514 706; x_wconf 91' lang='lat' dir='ltr'>ni</span> <span class='ocrx_word' id='word_1_15' title='bbox 543 649 638 726; x_wconf 84' lang='lat' dir='ltr'>fallor)</span> <span class='ocrx_word' id='word_1_16' title='bbox 670 643 795 709; x_wconf 82' lang='grc' dir='ltr'>άπάστα·</span> <span class='ocrx_word' id='word_1_17' title='bbox 820 642 855 709; x_wconf 79' lang='lat' dir='ltr'>od</span> <span class='ocrx_word' id='word_1_18' title='bbox 886 651 977 731; x_wconf 90' lang='grc' dir='ltr'>μόνον</span> <span class='ocrx_word' id='word_1_19' title='bbox 1007 643 1161 731; x_wconf 83' lang='grc' dir='ltr'>ἀπάστηθι</span> <span class='ocrx_word' id='word_1_20' title='bbox 1188 647 1345 726; x_wconf 80' lang='grc' dir='ltr'>λέηοοσι.1)</span> <span class='ocrx_word' id='word_1_21' title='bbox 1374 649 1433 708; x_wconf 84' lang='grc' dir='ltr'>καί</span> 
     </span>
     <span class='ocr_line' id='line_1_4' title="bbox 259 744 1431 838; baseline -0.003 -27"><span class='ocrx_word' id='word_1_22' title='bbox 259 752 407 838; x_wconf 83' lang='grc' dir='ltr'>παράστα.</span> <span class='ocrx_word' id='word_1_23' title='bbox 430 745 606 831; x_wconf 79' lang='grc' dir='ltr'>Μένανδρος</span> <span class='ocrx_word' id='word_1_24' title='bbox 628 745 752 830; x_wconf 82' lang='grc' dir='ltr'>Παιδίῳ·</span> <span class='ocrx_word' id='word_1_25' title='bbox 780 744 918 827; x_wconf 79' lang='grc' dir='ltr'>,,ἐνταῦθ’</span> <span class='ocrx_word' id='word_1_26' title='bbox 944 745 1060 812; x_wconf 82' lang='grc' dir='ltr'>ἀπόσπα</span> <span class='ocrx_word' id='word_1_27' title='bbox 1078 752 1206 832; x_wconf 85' lang='grc' dir='ltr'>μικρόν“</span> <span class='ocrx_word' id='word_1_28' title='bbox 1231 752 1329 828; x_wconf 80' lang='lat' dir='ltr'>(Meni.</span> <span class='ocrx_word' id='word_1_29' title='bbox 1344 751 1431 810; x_wconf 81' lang='lat' dir='ltr'>Corn.</span> 
     </span>
    </p>
   </div>
   <div class='ocr_carea' id='block_1_3' title="bbox 207 847 1493 1956">
    <p class='ocr_par' dir='ltr' id='par_1_3' title="bbox 207 847 1493 1956">
     <span class='ocr_line' id='line_1_5' title="bbox 258 847 1433 936; baseline -0.001 -24"><span class='ocrx_word' id='word_1_30' title='bbox 258 854 302 912; x_wconf 83' lang='lat' dir='ltr'>IV</span> <span class='ocrx_word' id='word_1_31' title='bbox 339 851 420 931; x_wconf 78' lang='lat'>182).</span> <span class='ocrx_word' id='word_1_32' title='bbox 471 847 521 926; x_wconf 85' lang='grc' dir='ltr'>Δίς</span> <span class='ocrx_word' id='word_1_33' title='bbox 565 847 752 921; x_wconf 77' lang='grc' dir='ltr'><strong>ἐξαπατῶντι·</strong></span> <span class='ocrx_word' id='word_1_34' title='bbox 786 849 882 936; x_wconf 63' lang='lat' dir='ltr'>„epol</span> <span class='ocrx_word' id='word_1_35' title='bbox 914 853 1060 933; x_wconf 90' lang='grc' dir='ltr'>παράστα,</span> <span class='ocrx_word' id='word_1_36' title='bbox 1104 852 1157 934; x_wconf 75' lang='grc' dir='ltr'>την</span> <span class='ocrx_word' id='word_1_37' title='bbox 1191 850 1291 933; x_wconf 84' lang='grc' dir='ltr'>θῦραν</span> <span class='ocrx_word' id='word_1_38' title='bbox 1325 849 1433 932; x_wconf 79' lang='grc' dir='ltr'>κόψας</span> 
     </span>
     <span class='ocr_line' id='line_1_6' title="bbox 258 946 1431 1033; baseline -0.003 -17"><span class='ocrx_word' id='word_1_39' title='bbox 258 953 316 1031; x_wconf 79' lang='grc' dir='ltr'>ἐγὼ</span> <span class='ocrx_word' id='word_1_40' title='bbox 337 951 341 1033; x_wconf 75' lang='lat' dir='ltr'>l</span> <span class='ocrx_word' id='word_1_41' title='bbox 361 951 446 1014; x_wconf 82' lang='grc' dir='ltr'>καλῶ</span> <span class='ocrx_word' id='word_1_42' title='bbox 457 946 508 1014; x_wconf 87' lang='grc' dir='ltr'>τιν’</span> <span class='ocrx_word' id='word_1_43' title='bbox 522 947 620 1016; x_wconf 79' lang='grc' dir='ltr'>αὐτῶν</span> <span class='ocrx_word' id='word_1_44' title='bbox 628 959 646 986; x_wconf 85' lang='grc'><strong>“</strong></span> <span class='ocrx_word' id='word_1_45' title='bbox 665 954 763 1033; x_wconf 82' lang='lat' dir='ltr'>(Mein.</span> <span class='ocrx_word' id='word_1_46' title='bbox 783 955 862 1014; x_wconf 83' lang='lat' dir='ltr'>Gom.</span> <span class='ocrx_word' id='word_1_47' title='bbox 880 953 925 1012; x_wconf 89' lang='lat' dir='ltr'>IV</span> <span class='ocrx_word' id='word_1_48' title='bbox 942 953 1023 1032; x_wconf 85' lang='lat'><strong>105).</strong></span> <span class='ocrx_word' id='word_1_49' title='bbox 1058 953 1221 1028; x_wconf 78' lang='lat' dir='ltr'>Didymmn</span> <span class='ocrx_word' id='word_1_50' title='bbox 1237 956 1431 1031; x_wconf 75' lang='lat' dir='ltr'>agnoscimus</span> 
     </span>
     <span class='ocr_line' id='line_1_7' title="bbox 259 1046 1429 1134; baseline -0.003 -18"><span class='ocrx_word' id='word_1_51' title='bbox 259 1077 303 1133; x_wconf 89' lang='lat' dir='ltr'>ap.</span> <span class='ocrx_word' id='word_1_52' title='bbox 329 1056 418 1115; x_wconf 87' lang='lat' dir='ltr'>sehol.</span> <span class='ocrx_word' id='word_1_53' title='bbox 442 1059 491 1115; x_wconf 89' lang='lat' dir='ltr'>Ar.</span> <span class='ocrx_word' id='word_1_54' title='bbox 515 1057 586 1116; x_wconf 84' lang='lat' dir='ltr'>Ran.</span> <span class='ocrx_word' id='word_1_55' title='bbox 612 1060 652 1118; x_wconf 85' lang='lat'>35</span> <span class='ocrx_word' id='word_1_56' title='bbox 675 1057 775 1134; x_wconf 87' lang='lat' dir='ltr'>(quem</span> <span class='ocrx_word' id='word_1_57' title='bbox 798 1075 917 1116; x_wconf 83' lang='lat' dir='ltr'>versum</span> <span class='ocrx_word' id='word_1_58' title='bbox 945 1057 1009 1132; x_wconf 88' lang='lat' dir='ltr'>ipse</span> <span class='ocrx_word' id='word_1_59' title='bbox 1027 1046 1172 1132; x_wconf 80' lang='lat' dir='ltr'>Aristopln</span> <span class='ocrx_word' id='word_1_60' title='bbox 1189 1058 1259 1130; x_wconf 84' lang='lat' dir='ltr'><strong>Byz.</strong></span> <span class='ocrx_word' id='word_1_61' title='bbox 1283 1057 1429 1130; x_wconf 67' lang='lat' dir='ltr'>laudarit)</span> 
     </span>
     <span class='ocr_line' id='line_1_8' title="bbox 258 1151 1431 1241; baseline -0.001 -23"><span class='ocrx_word' id='word_1_62' title='bbox 258 1156 377 1237; x_wconf 91' lang='grc' dir='ltr'>κατάβα</span> <span class='ocrx_word' id='word_1_63' title='bbox 415 1165 570 1239; x_wconf 80' lang='grc' dir='ltr'>πανοῦρηε·</span> <span class='ocrx_word' id='word_1_64' title='bbox 608 1158 643 1219; x_wconf 78' lang='grc' dir='ltr'>τὸ</span> <span class='ocrx_word' id='word_1_65' title='bbox 666 1151 697 1237; x_wconf 81' lang='grc' dir='ltr'>χ,</span> <span class='ocrx_word' id='word_1_66' title='bbox 726 1152 771 1219; x_wconf 77' lang='grc' dir='ltr'>ὅτι</span> <span class='ocrx_word' id='word_1_67' title='bbox 801 1158 921 1238; x_wconf 77' lang='grc' dir='ltr'>κατάβα</span> <span class='ocrx_word' id='word_1_68' title='bbox 955 1159 1036 1241; x_wconf 92' lang='grc' dir='ltr'>φησί·</span> <span class='ocrx_word' id='word_1_69' title='bbox 1067 1157 1142 1238; x_wconf 83' lang='grc' dir='ltr'>πρὸς</span> <span class='ocrx_word' id='word_1_70' title='bbox 1175 1159 1244 1232; x_wconf 86' lang='grc' dir='ltr'>τοὺς</span> <span class='ocrx_word' id='word_1_71' title='bbox 1272 1153 1431 1227; x_wconf 79' lang='grc' dir='ltr'>ἀξιοῦντας</span> 
     </span>
     <span class='ocr_line' id='line_1_9' title="bbox 259 1255 1427 1343; baseline -0.003 -23"><span class='ocrx_word' id='word_1_72' title='bbox 259 1255 302 1320; x_wconf 81' lang='grc' dir='ltr'>άτι</span> <span class='ocrx_word' id='word_1_73' title='bbox 338 1258 489 1342; x_wconf 79' lang='grc' dir='ltr'>κατάβηθι</span> <span class='ocrx_word' id='word_1_74' title='bbox 527 1258 642 1336; x_wconf 75' lang='grc' dir='ltr'>λέγεται</span> <span class='ocrx_word' id='word_1_75' title='bbox 680 1262 786 1343; x_wconf 82' lang='grc' dir='ltr'><strong>μόνως.</strong></span> <span class='ocrx_word' id='word_1_76' title='bbox 823 1297 864 1302; x_wconf 99' lang='grc'>-</span> <span class='ocrx_word' id='word_1_77' title='bbox 898 1255 977 1340; x_wconf 72' lang='lat' dir='ltr'>apsa</span> <span class='ocrx_word' id='word_1_78' title='bbox 1015 1265 1045 1318; x_wconf 91' lang='lat' dir='ltr'>et</span> <span class='ocrx_word' id='word_1_79' title='bbox 1079 1255 1252 1340; x_wconf 84' lang='grc' dir='ltr'>ἀρδαλιῦσαι</span> <span class='ocrx_word' id='word_1_80' title='bbox 1283 1262 1427 1320; x_wconf 81' lang='lat' dir='ltr'>voeabula</span> 
     </span>
     <span class='ocr_line' id='line_1_10' title="bbox 258 1361 1428 1438; baseline -0.001 -18"><span class='ocrx_word' id='word_1_81' title='bbox 258 1363 444 1421; x_wconf 78' lang='lat' dir='ltr'>Pherecratio</span> <span class='ocrx_word' id='word_1_82' title='bbox 478 1369 509 1420; x_wconf 88' lang='lat' dir='ltr'>et</span> <span class='ocrx_word' id='word_1_83' title='bbox 547 1361 728 1422; x_wconf 82' lang='lat' dir='ltr'>Philemonis</span> <span class='ocrx_word' id='word_1_84' title='bbox 755 1363 891 1422; x_wconf 83' lang='lat' dir='ltr'>versibus</span> <span class='ocrx_word' id='word_1_85' title='bbox 918 1362 1015 1421; x_wconf 88' lang='lat' dir='ltr'>allatis</span> <span class='ocrx_word' id='word_1_86' title='bbox 1037 1363 1097 1421; x_wconf 90' lang='lat' dir='ltr'>iam</span> <span class='ocrx_word' id='word_1_87' title='bbox 1129 1363 1276 1421; x_wconf 88' lang='lat' dir='ltr'>veteribus</span> <span class='ocrx_word' id='word_1_88' title='bbox 1309 1363 1428 1438; x_wconf 77' lang='lat' dir='ltr'>cognita</span> 
     </span>
     <span class='ocr_line' id='line_1_11' title="bbox 259 1465 1493 1541; baseline -0.003 -18"><span class='ocrx_word' id='word_1_89' title='bbox 259 1465 351 1523; x_wconf 81' lang='lat' dir='ltr'>tuisse</span> <span class='ocrx_word' id='word_1_90' title='bbox 364 1465 528 1523; x_wconf 76' lang='lat' dir='ltr'>observavit</span> <span class='ocrx_word' id='word_1_91' title='bbox 543 1465 760 1541; x_wconf 83' lang='lat' dir='ltr'>Aristophanes.</span> <span class='ocrx_word' id='word_1_92' title='bbox 784 1469 942 1541; x_wconf 87' lang='lat' dir='ltr'>utrumqne</span> <span class='ocrx_word' id='word_1_93' title='bbox 953 1469 1067 1540; x_wconf 88' lang='lat' dir='ltr'>poetam</span> <span class='ocrx_word' id='word_1_94' title='bbox 1078 1465 1186 1536; x_wconf 88' lang='lat' dir='ltr'>laudat,</span> <span class='ocrx_word' id='word_1_95' title='bbox 1197 1465 1314 1523; x_wconf 89' lang='lat' dir='ltr'>omissis</span> <span class='ocrx_word' id='word_1_96' title='bbox 1325 1469 1427 1523; x_wconf 89' lang='lat' dir='ltr'>tamen</span> <span class='ocrx_word' id='word_1_97' title='bbox 1487 1527 1493 1537; x_wconf 48' lang='grc'><strong>,</strong></span> 
     </span>
     <span class='ocr_line' id='line_1_12' title="bbox 259 1565 1427 1644; baseline -0.002 -20"><span class='ocrx_word' id='word_1_98' title='bbox 259 1568 402 1643; x_wconf 80' lang='lat' dir='ltr'>versibus,</span> <span class='ocrx_word' id='word_1_99' title='bbox 442 1566 598 1625; x_wconf 80' lang='lat' dir='ltr'>Erotianus</span> <span class='ocrx_word' id='word_1_100' title='bbox 629 1565 699 1624; x_wconf 86' lang='lat' dir='ltr'>Voo.</span> <span class='ocrx_word' id='word_1_101' title='bbox 734 1566 869 1644; x_wconf 86' lang='lat' dir='ltr'>Hippoer.</span> <span class='ocrx_word' id='word_1_102' title='bbox 904 1587 931 1643; x_wconf 89' lang='lat' dir='ltr'>p.</span> <span class='ocrx_word' id='word_1_103' title='bbox 956 1570 1006 1637; x_wconf 85' lang='grc'>56,</span> <span class='ocrx_word' id='word_1_104' title='bbox 1017 1571 1045 1640; x_wconf 84' lang='lat'>9,</span> <span class='ocrx_word' id='word_1_105' title='bbox 1091 1568 1272 1626; x_wconf 86' lang='lat' dir='ltr'>Phereomtis</span> <span class='ocrx_word' id='word_1_106' title='bbox 1305 1585 1427 1625; x_wconf 78' lang='lat' dir='ltr'>versum</span> 
     </span>
     <span class='ocr_line' id='line_1_13' title="bbox 259 1666 1429 1744; baseline -0.003 -15"><span class='ocrx_word' id='word_1_107' title='bbox 259 1672 366 1729; x_wconf 87' lang='lat' dir='ltr'>iterum</span> <span class='ocrx_word' id='word_1_108' title='bbox 403 1670 488 1727; x_wconf 87' lang='lat' dir='ltr'>affert</span> <span class='ocrx_word' id='word_1_109' title='bbox 523 1668 605 1728; x_wconf 79' lang='lat' dir='ltr'>Eust.</span> <span class='ocrx_word' id='word_1_110' title='bbox 645 1687 671 1744; x_wconf 89' lang='lat' dir='ltr'>p.</span> <span class='ocrx_word' id='word_1_111' title='bbox 698 1671 769 1741; x_wconf 79' lang='lat'><strong>707,</strong></span> <span class='ocrx_word' id='word_1_112' title='bbox 794 1672 832 1728; x_wconf 88' lang='grc'>31</span> <span class='ocrx_word' id='word_1_113' title='bbox 860 1687 876 1727; x_wconf 93' lang='lat' dir='ltr'>e</span> <span class='ocrx_word' id='word_1_114' title='bbox 900 1669 1061 1728; x_wconf 87' lang='lat' dir='ltr'>Pausaniae</span> <span class='ocrx_word' id='word_1_115' title='bbox 1099 1670 1201 1729; x_wconf 82' lang='lat' dir='ltr'>lexico.</span> <span class='ocrx_word' id='word_1_116' title='bbox 1236 1705 1277 1710; x_wconf 98' lang='lat'><strong>—</strong></span> <span class='ocrx_word' id='word_1_117' title='bbox 1311 1666 1429 1728; x_wconf 87' lang='lat' dir='ltr'>leviter</span> 
     </span>
     <span class='ocr_line' id='line_1_14' title="bbox 259 1763 1428 1852; baseline -0.003 -21"><span class='ocrx_word' id='word_1_118' title='bbox 259 1777 393 1847; x_wconf 74' lang='lat' dir='ltr'>corrupta</span> <span class='ocrx_word' id='word_1_119' title='bbox 429 1776 475 1829; x_wconf 90' lang='lat' dir='ltr'>est</span> <span class='ocrx_word' id='word_1_120' title='bbox 508 1770 607 1845; x_wconf 83' lang='lat' dir='ltr'>glossa</span> <span class='ocrx_word' id='word_1_121' title='bbox 634 1763 751 1852; x_wconf 51' lang='lat' dir='ltr'>eptae·</span> <span class='ocrx_word' id='word_1_122' title='bbox 774 1768 864 1847; x_wconf 79' lang='lat' dir='ltr'>(Euat.</span> <span class='ocrx_word' id='word_1_123' title='bbox 896 1789 924 1847; x_wconf 91' lang='lat' dir='ltr'>p.</span> <span class='ocrx_word' id='word_1_124' title='bbox 956 1776 1055 1831; x_wconf 86' lang='grc'><strong>1761.</strong></span> <span class='ocrx_word' id='word_1_125' title='bbox 1070 1817 1077 1831; x_wconf 95' lang='grc'><strong>.</strong></span> <span class='ocrx_word' id='word_1_126' title='bbox 1092 1817 1099 1831; x_wconf 95' lang='grc'><strong>.</strong></span> <span class='ocrx_word' id='word_1_127' title='bbox 1114 1772 1138 1847; x_wconf 85' lang='lat'>.)</span> <span class='ocrx_word' id='word_1_128' title='bbox 1180 1769 1231 1830; x_wconf 89' lang='grc' dir='ltr'>καὶ</span> <span class='ocrx_word' id='word_1_129' title='bbox 1270 1765 1298 1830; x_wconf 80' lang='grc' dir='ltr'>οἱ</span> <span class='ocrx_word' id='word_1_130' title='bbox 1327 1767 1428 1851; x_wconf 78' lang='grc' dir='ltr'>ἔμετοι</span> 
     </span>
     <span class='ocr_line' id='line_1_15' title="bbox 207 1865 1427 1956; baseline -0.003 -22"><span class='ocrx_word' id='word_1_131' title='bbox 207 1911 216 1934; x_wconf 85' lang='grc'><strong><em>.</em></strong></span> <span class='ocrx_word' id='word_1_132' title='bbox 260 1870 340 1955; x_wconf 84' lang='grc' dir='ltr'>ἐμίαι</span> <span class='ocrx_word' id='word_1_133' title='bbox 363 1866 404 1945; x_wconf 83' lang='grc' dir='ltr'>ὡς</span> <span class='ocrx_word' id='word_1_134' title='bbox 425 1867 554 1952; x_wconf 83' lang='grc' dir='ltr'>κοχλίαι.</span> <span class='ocrx_word' id='word_1_135' title='bbox 578 1865 706 1944; x_wconf 75' lang='grc' dir='ltr'>Εὔπολις</span> <span class='ocrx_word' id='word_1_136' title='bbox 729 1867 771 1942; x_wconf 81' lang='grc' dir='ltr'>δέ,</span> <span class='ocrx_word' id='word_1_137' title='bbox 796 1890 895 1954; x_wconf 86' lang='grc' dir='ltr'>φησιν,</span> <span class='ocrx_word' id='word_1_138' title='bbox 919 1869 968 1933; x_wconf 83' lang='grc' dir='ltr'>ἐπί</span> <span class='ocrx_word' id='word_1_139' title='bbox 990 1879 1042 1933; x_wconf 90' lang='grc' dir='ltr'>τοῦ</span> <span class='ocrx_word' id='word_1_140' title='bbox 1065 1875 1243 1956; x_wconf 81' lang='grc' dir='ltr'>κακοφώνοο</span> <span class='ocrx_word' id='word_1_141' title='bbox 1266 1872 1315 1931; x_wconf 79' lang='grc' dir='ltr'>τὀν</span> <span class='ocrx_word' id='word_1_142' title='bbox 1339 1866 1427 1953; x_wconf 82' lang='grc' dir='ltr'>ἐμίαν</span> 
     </span>
    </p>
   </div>
   <div class='ocr_carea' id='block_1_4' title="bbox 259 1963 1538 2058">
    <p class='ocr_par' dir='ltr' id='par_1_4' title="bbox 259 1963 1538 2058">
     <span class='ocr_line' id='line_1_16' title="bbox 259 1963 1538 2058; baseline -0.002 -23"><span class='ocrx_word' id='word_1_143' title='bbox 259 1973 387 2056; x_wconf 87' lang='grc' dir='ltr'>τίθησιν.</span> <span class='ocrx_word' id='word_1_144' title='bbox 410 1991 465 2054; x_wconf 85' lang='lat' dir='ltr'>pro</span> <span class='ocrx_word' id='word_1_145' title='bbox 487 1970 586 2055; x_wconf 82' lang='grc' dir='ltr'>ἔμετοι</span> <span class='ocrx_word' id='word_1_146' title='bbox 602 1973 790 2033; x_wconf 85' lang='lat' dir='ltr'>scribendum</span> <span class='ocrx_word' id='word_1_147' title='bbox 805 1991 872 2058; x_wconf 85' lang='lat' dir='ltr'>esse</span> <span class='ocrx_word' id='word_1_148' title='bbox 888 1967 1019 2055; x_wconf 78' lang='grc' dir='ltr'>ἐμετικοί</span> <span class='ocrx_word' id='word_1_149' title='bbox 1033 1975 1181 2034; x_wconf 78' lang='lat' dir='ltr'>intellexit</span> <span class='ocrx_word' id='word_1_150' title='bbox 1202 1975 1304 2033; x_wconf 82' lang='lat' dir='ltr'>Nauck</span> <span class='ocrx_word' id='word_1_151' title='bbox 1316 1993 1342 2050; x_wconf 89' lang='lat' dir='ltr'>p.</span> <span class='ocrx_word' id='word_1_152' title='bbox 1361 1977 1423 2034; x_wconf 76' lang='lat'>211</span> <span class='ocrx_word' id='word_1_153' title='bbox 1537 1963 1538 2032; x_wconf 74' lang='grc' dir='ltr'>Ῑ</span> 
     </span>
    </p>
   </div>
   <div class='ocr_carea' id='block_1_5' title="bbox 210 2069 1426 2569">
    <p class='ocr_par' dir='ltr' id='par_1_5' title="bbox 210 2069 1426 2569">
     <span class='ocr_line' id='line_1_17' title="bbox 260 2069 1426 2152; baseline -0.003 -15"><span class='ocrx_word' id='word_1_154' title='bbox 260 2079 325 2137; x_wconf 82' lang='lat' dir='ltr'>coll.</span> <span class='ocrx_word' id='word_1_155' title='bbox 348 2076 430 2136; x_wconf 84' lang='lat' dir='ltr'>Eust.</span> <span class='ocrx_word' id='word_1_156' title='bbox 454 2095 480 2151; x_wconf 88' lang='lat' dir='ltr'>p.</span> <span class='ocrx_word' id='word_1_157' title='bbox 507 2079 579 2148; x_wconf 80' lang='lat'><strong>996,</strong></span> <span class='ocrx_word' id='word_1_158' title='bbox 605 2077 645 2136; x_wconf 84' lang='lat'>39</span> <span class='ocrx_word' id='word_1_159' title='bbox 670 2073 731 2152; x_wconf 91' lang='lat' dir='ltr'>(ubi</span> <span class='ocrx_word' id='word_1_160' title='bbox 752 2077 920 2135; x_wconf 80' lang='lat' dir='ltr'>techmoum</span> <span class='ocrx_word' id='word_1_161' title='bbox 944 2077 1029 2151; x_wconf 89' lang='lat' dir='ltr'>se&#39;qui</span> <span class='ocrx_word' id='word_1_162' title='bbox 1050 2075 1176 2152; x_wconf 77' lang='lat' dir='ltr'>videtin)</span> <span class='ocrx_word' id='word_1_163' title='bbox 1199 2070 1295 2135; x_wconf 77' lang='grc' dir='ltr'>ἰστέον</span> <span class='ocrx_word' id='word_1_164' title='bbox 1323 2073 1356 2134; x_wconf 83' lang='grc' dir='ltr'>δὲ</span> <span class='ocrx_word' id='word_1_165' title='bbox 1381 2069 1426 2134; x_wconf 79' lang='grc' dir='ltr'>ὅτι</span> 
     </span>
     <span class='ocr_line' id='line_1_18' title="bbox 210 2169 1425 2270; baseline -0.005 -30"><span class='ocrx_word' id='word_1_166' title='bbox 210 2222 218 2246; x_wconf 91' lang='grc'><strong>.</strong></span> <span class='ocrx_word' id='word_1_167' title='bbox 260 2200 292 2241; x_wconf 86' lang='grc' dir='ltr'>τε</span> <span class='ocrx_word' id='word_1_168' title='bbox 321 2173 356 2238; x_wconf 82' lang='grc' dir='ltr'>ἐκ</span> <span class='ocrx_word' id='word_1_169' title='bbox 385 2184 437 2238; x_wconf 91' lang='grc' dir='ltr'>τοῦ</span> <span class='ocrx_word' id='word_1_170' title='bbox 467 2171 585 2261; x_wconf 82' lang='grc' dir='ltr'>ἐμεῖν..</span> <span class='ocrx_word' id='word_1_171' title='bbox 601 2223 607 2237; x_wconf 96' lang='grc'><strong>.</strong></span> <span class='ocrx_word' id='word_1_172' title='bbox 623 2175 689 2237; x_wconf 79' lang='grc' dir='ltr'>,καί</span> <span class='ocrx_word' id='word_1_173' title='bbox 717 2173 803 2260; x_wconf 83' lang='grc' dir='ltr'>ἐμίας</span> <span class='ocrx_word' id='word_1_174' title='bbox 830 2172 871 2251; x_wconf 82' lang='grc' dir='ltr'>ὡς</span> <span class='ocrx_word' id='word_1_175' title='bbox 895 2175 1022 2270; x_wconf 81' lang='grc' dir='ltr'>κοχλίας</span> <span class='ocrx_word' id='word_1_176' title='bbox 1050 2173 1067 2238; x_wconf 85' lang='grc' dir='ltr'>ὁ</span> <span class='ocrx_word' id='word_1_177' title='bbox 1096 2175 1230 2260; x_wconf 83' lang='grc' dir='ltr'>ἐμετικὸς</span> <span class='ocrx_word' id='word_1_178' title='bbox 1258 2172 1277 2258; x_wconf 83' lang='grc' dir='ltr'><strong>ἢ</strong></span> <span class='ocrx_word' id='word_1_179' title='bbox 1307 2169 1425 2259; x_wconf 79' lang='grc' dir='ltr'>είεμης.</span> 
     </span>
     <span class='ocr_line' id='line_1_19' title="bbox 262 2273 1425 2363; baseline -0.006 -22"><span class='ocrx_word' id='word_1_180' title='bbox 262 2282 364 2342; x_wconf 88' lang='lat' dir='ltr'>eadem</span> <span class='ocrx_word' id='word_1_181' title='bbox 388 2279 552 2356; x_wconf 81' lang='lat' dir='ltr'>corruptela</span> <span class='ocrx_word' id='word_1_182' title='bbox 582 2279 615 2336; x_wconf 88' lang='lat' dir='ltr'>in</span> <span class='ocrx_word' id='word_1_183' title='bbox 643 2278 689 2336; x_wconf 89' lang='lat' dir='ltr'>M:</span> <span class='ocrx_word' id='word_1_184' title='bbox 719 2273 813 2360; x_wconf 76' lang='grc' dir='ltr'>ἐμίας</span> <span class='ocrx_word' id='word_1_185' title='bbox 860 2274 876 2340; x_wconf 89' lang='grc' dir='ltr'>ὁ</span> <span class='ocrx_word' id='word_1_186' title='bbox 904 2278 1015 2363; x_wconf 80' lang='grc' dir='ltr'>ἔμετος.</span> <span class='ocrx_word' id='word_1_187' title='bbox 1063 2281 1116 2339; x_wconf 86' lang='lat' dir='ltr'>sed</span> <span class='ocrx_word' id='word_1_188' title='bbox 1142 2281 1234 2338; x_wconf 90' lang='lat' dir='ltr'>multo</span> <span class='ocrx_word' id='word_1_189' title='bbox 1266 2297 1331 2337; x_wconf 90' lang='lat' dir='ltr'>eam</span> <span class='ocrx_word' id='word_1_190' title='bbox 1358 2296 1425 2336; x_wconf 79' lang='lat' dir='ltr'>esse</span> 
     </span>
     <span class='ocr_line' id='line_1_20' title="bbox 261 2381 1426 2461; baseline -0.005 -18"><span class='ocrx_word' id='word_1_191' title='bbox 261 2383 456 2460; x_wconf 77' lang='lat' dir='ltr'>antiquiorem</span> <span class='ocrx_word' id='word_1_192' title='bbox 467 2381 553 2440; x_wconf 91' lang='lat' dir='ltr'>dooet</span> <span class='ocrx_word' id='word_1_193' title='bbox 567 2381 618 2457; x_wconf 91' lang='lat' dir='ltr'>qui</span> <span class='ocrx_word' id='word_1_194' title='bbox 631 2381 711 2440; x_wconf 89' lang='lat' dir='ltr'>solus</span> <span class='ocrx_word' id='word_1_195' title='bbox 722 2382 798 2440; x_wconf 89' lang='lat' dir='ltr'>hano</span> <span class='ocrx_word' id='word_1_196' title='bbox 809 2383 937 2458; x_wconf 87' lang='lat' dir='ltr'>glossam</span> <span class='ocrx_word' id='word_1_197' title='bbox 948 2382 1296 2461; x_wconf 81' lang='lat' dir='ltr'>praeterAristophanem</span> <span class='ocrx_word' id='word_1_198' title='bbox 1307 2381 1426 2439; x_wconf 83' lang='lat' dir='ltr'>exhibet</span> 
     </span>
     <span class='ocr_line' id='line_1_21' title="bbox 262 2469 1424 2569; baseline -0.005 -22"><span class='ocrx_word' id='word_1_199' title='bbox 262 2487 392 2547; x_wconf 83' lang='lat' dir='ltr'>Galenus</span> <span class='ocrx_word' id='word_1_200' title='bbox 411 2483 505 2543; x_wconf 83' lang='lat' dir='ltr'>Gloss.</span> <span class='ocrx_word' id='word_1_201' title='bbox 524 2481 661 2559; x_wconf 85' lang='lat' dir='ltr'>Hippoor.</span> <span class='ocrx_word' id='word_1_202' title='bbox 680 2504 707 2561; x_wconf 90' lang='lat' dir='ltr'>p.</span> <span class='ocrx_word' id='word_1_203' title='bbox 727 2487 790 2545; x_wconf 90' lang='grc'>466</span> <span class='ocrx_word' id='word_1_204' title='bbox 816 2479 904 2567; x_wconf 83' lang='grc' dir='ltr'>ἐμίαι·</span> <span class='ocrx_word' id='word_1_205' title='bbox 929 2469 1036 2569; x_wconf 59' lang='grc' dir='ltr'>ἔμετοιζ</span> <span class='ocrx_word' id='word_1_206' title='bbox 1067 2480 1193 2545; x_wconf 85' lang='grc' dir='ltr'>Ἀττικὸν</span> <span class='ocrx_word' id='word_1_207' title='bbox 1208 2483 1242 2542; x_wconf 87' lang='grc' dir='ltr'>τὸ</span> <span class='ocrx_word' id='word_1_208' title='bbox 1262 2478 1364 2564; x_wconf 78' lang='grc' dir='ltr'>ὄνομα.</span> <span class='ocrx_word' id='word_1_209' title='bbox 1383 2517 1424 2524; x_wconf 81' lang='lat'>—</span> 
     </span>
    </p>
   </div>
   <div class='ocr_carea' id='block_1_6' title="bbox 150 2584 1424 2672">
    <p class='ocr_par' dir='ltr' id='par_1_6' title="bbox 150 2584 1424 2672">
     <span class='ocr_line' id='line_1_22' title="bbox 150 2584 1424 2672; baseline -0.005 -23"><span class='ocrx_word' id='word_1_210' title='bbox 150 2631 155 2660; x_wconf 79' lang='grc'><strong>.</strong></span> <span class='ocrx_word' id='word_1_211' title='bbox 262 2589 348 2672; x_wconf 82' lang='grc' dir='ltr'>μαχίς</span> <span class='ocrx_word' id='word_1_212' title='bbox 392 2587 490 2662; x_wconf 84' lang='lat' dir='ltr'>glossa</span> <span class='ocrx_word' id='word_1_213' title='bbox 534 2586 662 2646; x_wconf 80' lang='lat' dir='ltr'>maxima</span> <span class='ocrx_word' id='word_1_214' title='bbox 705 2605 773 2645; x_wconf 92' lang='lat' dir='ltr'>oum</span> <span class='ocrx_word' id='word_1_215' title='bbox 812 2588 999 2664; x_wconf 83' lang='lat' dir='ltr'>neglegentia</span> <span class='ocrx_word' id='word_1_216' title='bbox 1038 2589 1074 2646; x_wconf 92' lang='lat' dir='ltr'>ab</span> <span class='ocrx_word' id='word_1_217' title='bbox 1116 2584 1268 2646; x_wconf 83' lang='lat' dir='ltr'>Eustathio</span> <span class='ocrx_word' id='word_1_218' title='bbox 1306 2591 1424 2643; x_wconf 79' lang='lat' dir='ltr'>tractata</span> 
     </span>
    </p>
   </div>
   <div class='ocr_carea' id='block_1_7' title="bbox 262 2685 1424 2767">
    <p class='ocr_par' dir='ltr' id='par_1_7' title="bbox 262 2685 1424 2767">
     <span class='ocr_line' id='line_1_23' title="bbox 262 2685 1424 2767; baseline -0.003 -20"><span class='ocrx_word' id='word_1_219' title='bbox 262 2691 298 2767; x_wconf 84' lang='lat' dir='ltr'>(v.</span> <span class='ocrx_word' id='word_1_220' title='bbox 324 2707 387 2765; x_wconf 91' lang='lat' dir='ltr'>sup.</span> <span class='ocrx_word' id='word_1_221' title='bbox 410 2707 437 2764; x_wconf 95' lang='lat' dir='ltr'>p.</span> <span class='ocrx_word' id='word_1_222' title='bbox 469 2685 519 2764; x_wconf 88' lang='lat'>13)</span> <span class='ocrx_word' id='word_1_223' title='bbox 549 2687 657 2763; x_wconf 87' lang='lat' dir='ltr'>optime</span> <span class='ocrx_word' id='word_1_224' title='bbox 681 2694 777 2763; x_wconf 88' lang='lat' dir='ltr'>potest</span> <span class='ocrx_word' id='word_1_225' title='bbox 805 2689 948 2749; x_wconf 77' lang='lat' dir='ltr'>illustrari</span> <span class='ocrx_word' id='word_1_226' title='bbox 976 2694 1139 2750; x_wconf 86' lang='lat' dir='ltr'>oeterorum</span> <span class='ocrx_word' id='word_1_227' title='bbox 1172 2689 1424 2763; x_wconf 77' lang='lat' dir='ltr'>gramnanoouun</span> 
     </span>
    </p>
   </div>
   <div class='ocr_carea' id='block_1_8' title="bbox 261 2781 1537 2971">
    <p class='ocr_par' dir='ltr' id='par_1_8' title="bbox 261 2781 1537 2971">
     <span class='ocr_line' id='line_1_24' title="bbox 262 2781 1537 2872; baseline 0.002 -22"><span class='ocrx_word' id='word_1_228' title='bbox 262 2791 437 2850; x_wconf 84' lang='lat' dir='ltr'>testimoniis</span> <span class='ocrx_word' id='word_1_229' title='bbox 459 2788 605 2847; x_wconf 89' lang='lat' dir='ltr'>adhibitis.</span> <span class='ocrx_word' id='word_1_230' title='bbox 640 2789 770 2849; x_wconf 74' lang='lat' dir='ltr'>dindimus</span> <span class='ocrx_word' id='word_1_231' title='bbox 786 2792 1012 2869; x_wconf 83' lang='lat' dir='ltr'>Aristophanem</span> <span class='ocrx_word' id='word_1_232' title='bbox 1031 2793 1202 2852; x_wconf 80' lang='lat' dir='ltr'>observasse</span> <span class='ocrx_word' id='word_1_233' title='bbox 1225 2781 1318 2848; x_wconf 80' lang='lat' dir='ltr'>rideri</span> <span class='ocrx_word' id='word_1_234' title='bbox 1341 2792 1424 2872; x_wconf 74' lang='grc' dir='ltr'>μαγίς</span> <span class='ocrx_word' id='word_1_235' title='bbox 1536 2827 1537 2852; x_wconf 68' lang='grc' dir='ltr'>ι</span> 
     </span>
     <span class='ocr_line' id='line_1_25' title="bbox 261 2879 1537 2971; baseline 0.001 -22"><span class='ocrx_word' id='word_1_236' title='bbox 261 2893 437 2953; x_wconf 77' lang='lat' dir='ltr'>vocabulum</span> <span class='ocrx_word' id='word_1_237' title='bbox 471 2892 531 2950; x_wconf 89' lang='lat' dir='ltr'>iam</span> <span class='ocrx_word' id='word_1_238' title='bbox 553 2892 631 2968; x_wconf 91' lang='lat' dir='ltr'>apud</span> <span class='ocrx_word' id='word_1_239' title='bbox 658 2897 774 2952; x_wconf 85' lang='lat' dir='ltr'>veteres</span> <span class='ocrx_word' id='word_1_240' title='bbox 801 2895 881 2954; x_wconf 91' lang='lat' dir='ltr'>idem</span> <span class='ocrx_word' id='word_1_241' title='bbox 908 2895 1037 2954; x_wconf 78' lang='lat' dir='ltr'>valuisse</span> <span class='ocrx_word' id='word_1_242' title='bbox 1060 2893 1138 2970; x_wconf 89' lang='lat' dir='ltr'>qnod</span> <span class='ocrx_word' id='word_1_243' title='bbox 1160 2892 1298 2971; x_wconf 72' lang='grc' dir='ltr'>τράπεζα.</span> <span class='ocrx_word' id='word_1_244' title='bbox 1351 2911 1422 2967; x_wconf 82' lang='lat' dir='ltr'>quae</span> <span class='ocrx_word' id='word_1_245' title='bbox 1536 2879 1537 2904; x_wconf 62' lang='lat'>¹</span> 
     </span>
    </p>
   </div>
   <div class='ocr_carea' id='block_1_9' title="bbox 259 2993 1424 4095">
    <p class='ocr_par' dir='ltr' id='par_1_9' title="bbox 259 2993 1424 4095">
     <span class='ocr_line' id='line_1_26' title="bbox 265 2993 1424 3071; baseline -0.004 -17"><span class='ocrx_word' id='word_1_246' title='bbox 265 2995 410 3054; x_wconf 87' lang='lat' dir='ltr'>sententia</span> <span class='ocrx_word' id='word_1_247' title='bbox 432 2995 620 3052; x_wconf 76' lang='lat' dir='ltr'>confirmatur</span> <span class='ocrx_word' id='word_1_248' title='bbox 642 2993 772 3053; x_wconf 85' lang='lat' dir='ltr'>Pollucis</span> <span class='ocrx_word' id='word_1_249' title='bbox 783 2994 986 3071; x_wconf 85' lang='lat' dir='ltr'>disputatione,</span> <span class='ocrx_word' id='word_1_250' title='bbox 1002 3013 1090 3071; x_wconf 91' lang='lat' dir='ltr'>quam</span> <span class='ocrx_word' id='word_1_251' title='bbox 1104 2995 1166 3052; x_wconf 86' lang='lat' dir='ltr'>fere</span> <span class='ocrx_word' id='word_1_252' title='bbox 1185 2994 1424 3070; x_wconf 85' lang='lat' dir='ltr'>Aristophaneam</span> 
     </span>
     <span class='ocr_line' id='line_1_27' title="bbox 263 3089 1424 3177; baseline -0.003 -21"><span class='ocrx_word' id='word_1_253' title='bbox 263 3097 405 3156; x_wconf 85' lang='lat' dir='ltr'>dixerim:</span> <span class='ocrx_word' id='word_1_254' title='bbox 433 3095 478 3153; x_wconf 89' lang='lat' dir='ltr'>VI</span> <span class='ocrx_word' id='word_1_255' title='bbox 507 3099 548 3155; x_wconf 87' lang='lat'>83</span> <span class='ocrx_word' id='word_1_256' title='bbox 578 3089 609 3154; x_wconf 85' lang='grc' dir='ltr'>αἱ</span> <span class='ocrx_word' id='word_1_257' title='bbox 635 3089 866 3176; x_wconf 77' lang='grc' dir='ltr'>δ’ἐπιτιθέμεναι</span> <span class='ocrx_word' id='word_1_258' title='bbox 899 3093 951 3155; x_wconf 81' lang='grc' dir='ltr'>καί</span> <span class='ocrx_word' id='word_1_259' title='bbox 983 3089 1137 3177; x_wconf 80' lang='grc' dir='ltr'>αἰρόμεναι</span> <span class='ocrx_word' id='word_1_260' title='bbox 1165 3096 1355 3175; x_wconf 73' lang='grc' dir='ltr'>τράπεζαι,</span> <span class='ocrx_word' id='word_1_261' title='bbox 1390 3093 1424 3164; x_wconf 83' lang='grc' dir='ltr'>ἃς</span> 
     </span>
     <span class='ocr_line' id='line_1_28' title="bbox 259 3192 1423 3281; baseline -0.003 -21"><span class='ocrx_word' id='word_1_262' title='bbox 259 3206 315 3260; x_wconf 90' lang='grc' dir='ltr'>νῦν</span> <span class='ocrx_word' id='word_1_263' title='bbox 339 3193 463 3280; x_wconf 80' lang='grc' dir='ltr'>μαχίδας</span> <span class='ocrx_word' id='word_1_264' title='bbox 485 3194 636 3258; x_wconf 92' lang='grc' dir='ltr'>καλοῦσιν.</span> <span class='ocrx_word' id='word_1_265' title='bbox 661 3193 724 3256; x_wconf 78' lang='grc' dir='ltr'>ἔστι</span> <span class='ocrx_word' id='word_1_266' title='bbox 747 3197 846 3280; x_wconf 74' lang='grc' dir='ltr'>μέντοι</span> <span class='ocrx_word' id='word_1_267' title='bbox 867 3195 919 3258; x_wconf 80' lang='grc' dir='ltr'>καὶ</span> <span class='ocrx_word' id='word_1_268' title='bbox 940 3196 973 3257; x_wconf 87' lang='grc' dir='ltr'>τὸ</span> <span class='ocrx_word' id='word_1_269' title='bbox 996 3205 1050 3281; x_wconf 83' lang='grc' dir='ltr'>της</span> <span class='ocrx_word' id='word_1_270' title='bbox 1077 3192 1199 3279; x_wconf 80' lang='grc' dir='ltr'>μαχίδφς</span> <span class='ocrx_word' id='word_1_271' title='bbox 1227 3192 1321 3278; x_wconf 77' lang='grc' dir='ltr'>ὄνομα</span> <span class='ocrx_word' id='word_1_272' title='bbox 1347 3199 1423 3278; x_wconf 79' lang='grc' dir='ltr'>παρὰ</span> 
     </span>
     <span class='ocr_line' id='line_1_29' title="bbox 264 3291 1422 3381; baseline -0.001 -21"><span class='ocrx_word' id='word_1_273' title='bbox 264 3297 414 3380; x_wconf 80' lang='grc' dir='ltr'>Σοφοκλεῖ</span> <span class='ocrx_word' id='word_1_274' title='bbox 434 3296 465 3359; x_wconf 84' lang='grc' dir='ltr'>ἐν</span> <span class='ocrx_word' id='word_1_275' title='bbox 488 3295 597 3380; x_wconf 81' lang='grc' dir='ltr'>χρήσει</span> <span class='ocrx_word' id='word_1_276' title='bbox 620 3294 738 3381; x_wconf 83' lang='grc' dir='ltr'>[Χρῦση</span> <span class='ocrx_word' id='word_1_277' title='bbox 762 3300 835 3358; x_wconf 81' lang='lat' dir='ltr'>coni.</span> <span class='ocrx_word' id='word_1_278' title='bbox 859 3299 994 3378; x_wconf 86' lang='lat' dir='ltr'>Dindorf]</span> <span class='ocrx_word' id='word_1_279' title='bbox 1019 3297 1091 3371; x_wconf 81' lang='grc' dir='ltr'>,,το“ις</span> <span class='ocrx_word' id='word_1_280' title='bbox 1110 3291 1277 3369; x_wconf 77' lang='grc' dir='ltr'>Ἑκαταῖος</span> <span class='ocrx_word' id='word_1_281' title='bbox 1300 3293 1422 3381; x_wconf 77' lang='grc' dir='ltr'>μαηίδας</span> 
     </span>
     <span class='ocr_line' id='line_1_30' title="bbox 264 3395 1423 3485; baseline -0.002 -23"><span class='ocrx_word' id='word_1_282' title='bbox 264 3399 401 3483; x_wconf 44' lang='grc' dir='ltr'>δόρπωνίί</span> <span class='ocrx_word' id='word_1_283' title='bbox 412 3400 477 3479; x_wconf 86' lang='lat' dir='ltr'>(frg.</span> <span class='ocrx_word' id='word_1_284' title='bbox 489 3400 571 3482; x_wconf 75' lang='lat'><strong>651).</strong></span> <span class='ocrx_word' id='word_1_285' title='bbox 598 3402 760 3460; x_wconf 85' lang='lat' dir='ltr'>aecuratius</span> <span class='ocrx_word' id='word_1_286' title='bbox 778 3401 808 3460; x_wconf 91' lang='lat' dir='ltr'>X</span> <span class='ocrx_word' id='word_1_287' title='bbox 821 3405 861 3462; x_wconf 92' lang='lat'>81</span> <span class='ocrx_word' id='word_1_288' title='bbox 884 3401 1011 3485; x_wconf 79' lang='grc' dir='ltr'>καὶμὴν</span> <span class='ocrx_word' id='word_1_289' title='bbox 1030 3400 1082 3462; x_wconf 87' lang='grc' dir='ltr'>καὶ</span> <span class='ocrx_word' id='word_1_290' title='bbox 1103 3401 1141 3460; x_wconf 84' lang='grc' dir='ltr'>τὰ</span> <span class='ocrx_word' id='word_1_291' title='bbox 1157 3395 1346 3481; x_wconf 72' lang='grc' dir='ltr'>ἐπιτιθέμενα</span> <span class='ocrx_word' id='word_1_292' title='bbox 1366 3408 1423 3468; x_wconf 87' lang='grc' dir='ltr'>τοῖς</span> 
     </span>
     <span class='ocr_line' id='line_1_31' title="bbox 264 3497 1423 3586; baseline -0.003 -22"><span class='ocrx_word' id='word_1_293' title='bbox 264 3506 379 3584; x_wconf 82' lang='grc' dir='ltr'>τρίποσι</span> <span class='ocrx_word' id='word_1_294' title='bbox 393 3500 534 3584; x_wconf 74' lang='grc' dir='ltr'>τράπεζαι</span> <span class='ocrx_word' id='word_1_295' title='bbox 549 3500 709 3563; x_wconf 88' lang='grc' dir='ltr'>καλοῦνται</span> <span class='ocrx_word' id='word_1_296' title='bbox 724 3502 775 3563; x_wconf 87' lang='grc' dir='ltr'>καί</span> <span class='ocrx_word' id='word_1_297' title='bbox 790 3500 926 3586; x_wconf 82' lang='grc' dir='ltr'>μαηίδες.</span> <span class='ocrx_word' id='word_1_298' title='bbox 941 3549 949 3565; x_wconf 94' lang='grc'><strong>.</strong></span> <span class='ocrx_word' id='word_1_299' title='bbox 964 3550 970 3564; x_wconf 95' lang='grc'>.</span> <span class='ocrx_word' id='word_1_300' title='bbox 986 3497 1042 3576; x_wconf 82' lang='grc' dir='ltr'>,ὡς</span> <span class='ocrx_word' id='word_1_301' title='bbox 1055 3502 1137 3583; x_wconf 82' lang='grc' dir='ltr'>παρὰ</span> <span class='ocrx_word' id='word_1_302' title='bbox 1152 3497 1303 3582; x_wconf 82' lang='grc' dir='ltr'>Σοφοκλεῖ</span> <span class='ocrx_word' id='word_1_303' title='bbox 1314 3499 1423 3584; x_wconf 79' lang='grc' dir='ltr'>εἴρηται</span> 
     </span>
     <span class='ocr_line' id='line_1_32' title="bbox 265 3599 1422 3687; baseline -0.003 -22"><span class='ocrx_word' id='word_1_304' title='bbox 265 3606 338 3679; x_wconf 63' lang='lat' dir='ltr'>„adm</span> <span class='ocrx_word' id='word_1_305' title='bbox 360 3599 520 3679; x_wconf 86' lang='grc' dir='ltr'>Ἑκαταίας</span> <span class='ocrx_word' id='word_1_306' title='bbox 550 3599 677 3687; x_wconf 83' lang='grc' dir='ltr'>μαγίδας</span> <span class='ocrx_word' id='word_1_307' title='bbox 705 3602 852 3686; x_wconf 84' lang='grc' dir='ltr'><strong>δόρπον“.</strong></span> <span class='ocrx_word' id='word_1_308' title='bbox 898 3599 1047 3686; x_wconf 86' lang='grc' dir='ltr'>Κρατῖνος</span> <span class='ocrx_word' id='word_1_309' title='bbox 1075 3602 1106 3664; x_wconf 87' lang='grc' dir='ltr'>ἐν</span> <span class='ocrx_word' id='word_1_310' title='bbox 1134 3599 1284 3683; x_wconf 83' lang='grc' dir='ltr'>Βουσίριδι</span> <span class='ocrx_word' id='word_1_311' title='bbox 1312 3599 1422 3686; x_wconf 85' lang='grc' dir='ltr'>εἴρηκεν</span> 
     </span>
     <span class='ocr_line' id='line_1_33' title="bbox 266 3700 1422 3792; baseline -0.007 -22"><span class='ocrx_word' id='word_1_312' title='bbox 266 3703 302 3781; x_wconf 84' lang='grc' dir='ltr'>,,ὁ</span> <span class='ocrx_word' id='word_1_313' title='bbox 326 3706 397 3787; x_wconf 88' lang='grc' dir='ltr'>βοῦς</span> <span class='ocrx_word' id='word_1_314' title='bbox 419 3704 533 3777; x_wconf 83' lang='grc' dir='ltr'>ἐκεῖνος</span> <span class='ocrx_word' id='word_1_315' title='bbox 553 3700 597 3790; x_wconf 80' lang='grc' dir='ltr'>χὴ</span> <span class='ocrx_word' id='word_1_316' title='bbox 615 3707 700 3792; x_wconf 78' lang='grc' dir='ltr'>μαγίς</span> <span class='ocrx_word' id='word_1_317' title='bbox 723 3707 774 3768; x_wconf 85' lang='grc' dir='ltr'>καί</span> <span class='ocrx_word' id='word_1_318' title='bbox 797 3703 949 3791; x_wconf 52' lang='grc' dir='ltr'>τάλφιταίί</span> <span class='ocrx_word' id='word_1_319' title='bbox 974 3707 1072 3785; x_wconf 83' lang='lat' dir='ltr'>(Mein.</span> <span class='ocrx_word' id='word_1_320' title='bbox 1098 3707 1176 3766; x_wconf 85' lang='lat' dir='ltr'>Com.</span> <span class='ocrx_word' id='word_1_321' title='bbox 1200 3705 1230 3764; x_wconf 87' lang='lat' dir='ltr'>Il</span> <span class='ocrx_word' id='word_1_322' title='bbox 1255 3702 1315 3784; x_wconf 82' lang='lat'><strong>31).</strong></span> <span class='ocrx_word' id='word_1_323' title='bbox 1348 3705 1422 3784; x_wconf 74' lang='lat' dir='ltr'>nupt</span> 
     </span>
     <span class='ocr_line' id='line_1_34' title="bbox 266 3802 1421 3893; baseline -0.002 -25"><span class='ocrx_word' id='word_1_324' title='bbox 266 3811 365 3893; x_wconf 81' lang='grc' dir='ltr'>μέντοι</span> <span class='ocrx_word' id='word_1_325' title='bbox 384 3803 562 3892; x_wconf 84' lang='grc' dir='ltr'>Ἐπιχάρμῳ</span> <span class='ocrx_word' id='word_1_326' title='bbox 585 3807 617 3871; x_wconf 82' lang='grc' dir='ltr'>ἐν</span> <span class='ocrx_word' id='word_1_327' title='bbox 641 3803 749 3892; x_wconf 81' lang='grc' dir='ltr'>Πῦῤῥφ</span> <span class='ocrx_word' id='word_1_328' title='bbox 770 3804 791 3892; x_wconf 79' lang='grc' dir='ltr'><strong>ἢ</strong></span> <span class='ocrx_word' id='word_1_329' title='bbox 814 3805 979 3892; x_wconf 79' lang='grc' dir='ltr'>Προμηθεῖ</span> <span class='ocrx_word' id='word_1_330' title='bbox 996 3809 1049 3870; x_wconf 90' lang='grc' dir='ltr'>καὶ</span> <span class='ocrx_word' id='word_1_331' title='bbox 1064 3808 1142 3870; x_wconf 83' lang='grc' dir='ltr'>κατὰ</span> <span class='ocrx_word' id='word_1_332' title='bbox 1157 3807 1210 3890; x_wconf 75' lang='grc' dir='ltr'>τἠν</span> <span class='ocrx_word' id='word_1_333' title='bbox 1233 3802 1421 3888; x_wconf 83' lang='grc' dir='ltr'>ἀνθρωπίνην</span> 
     </span>
     <span class='ocr_line' id='line_1_35' title="bbox 265 3905 1421 3996; baseline -0.004 -24"><span class='ocrx_word' id='word_1_334' title='bbox 265 3919 373 3996; x_wconf 77' lang='grc' dir='ltr'>χρῆσιν</span> <span class='ocrx_word' id='word_1_335' title='bbox 390 3907 504 3994; x_wconf 85' lang='grc' dir='ltr'>εἴρηται</span> <span class='ocrx_word' id='word_1_336' title='bbox 527 3909 653 3985; x_wconf 82' lang='grc' dir='ltr'>,,κίιλικα</span> <span class='ocrx_word' id='word_1_337' title='bbox 669 3905 781 3994; x_wconf 79' lang='grc' dir='ltr'>μαγίδα</span> <span class='ocrx_word' id='word_1_338' title='bbox 796 3909 933 3992; x_wconf 86' lang='grc' dir='ltr'>λῦχνον“</span> <span class='ocrx_word' id='word_1_339' title='bbox 957 3911 1022 3988; x_wconf 82' lang='lat' dir='ltr'>(frg.</span> <span class='ocrx_word' id='word_1_340' title='bbox 1036 3915 1076 3972; x_wconf 89' lang='lat'>81</span> <span class='ocrx_word' id='word_1_341' title='bbox 1090 3907 1225 3988; x_wconf 84' lang='lat' dir='ltr'>Aluens).</span> <span class='ocrx_word' id='word_1_342' title='bbox 1249 3910 1352 3968; x_wconf 88' lang='lat' dir='ltr'>eadem</span> <span class='ocrx_word' id='word_1_343' title='bbox 1366 3909 1421 3968; x_wconf 83' lang='lat' dir='ltr'>foro</span> 
     </span>
     <span class='ocr_line' id='line_1_36' title="bbox 265 4009 1421 4095; baseline -0.004 -23"><span class='ocrx_word' id='word_1_344' title='bbox 265 4014 356 4074; x_wconf 84' lang='lat' dir='ltr'>tradit</span> <span class='ocrx_word' id='word_1_345' title='bbox 382 4014 535 4073; x_wconf 86' lang='lat' dir='ltr'>Helladius</span> <span class='ocrx_word' id='word_1_346' title='bbox 564 4031 609 4095; x_wconf 91' lang='lat' dir='ltr'>ap.</span> <span class='ocrx_word' id='word_1_347' title='bbox 638 4014 721 4074; x_wconf 90' lang='lat' dir='ltr'>Phot.</span> <span class='ocrx_word' id='word_1_348' title='bbox 751 4014 826 4072; x_wconf 92' lang='lat' dir='ltr'>Bibl.</span> <span class='ocrx_word' id='word_1_349' title='bbox 855 4033 882 4090; x_wconf 91' lang='lat' dir='ltr'>p.</span> <span class='ocrx_word' id='word_1_350' title='bbox 913 4009 1027 4090; x_wconf 63' lang='lat' dir='ltr'>533l2).</span> <span class='ocrx_word' id='word_1_351' title='bbox 1053 4049 1093 4056; x_wconf 89' lang='lat'>—-</span> <span class='ocrx_word' id='word_1_352' title='bbox 1118 4031 1175 4090; x_wconf 87' lang='lat' dir='ltr'>quo</span> <span class='ocrx_word' id='word_1_353' title='bbox 1208 4012 1272 4070; x_wconf 83' lang='lat' dir='ltr'>iure</span> <span class='ocrx_word' id='word_1_354' title='bbox 1300 4011 1421 4069; x_wconf 70' lang='lat' dir='ltr'>Pollucis</span> 
     </span>
    </p>
   </div>
   <div class='ocr_carea' id='block_1_10' title="bbox 266 4185 1420 4428">
    <p class='ocr_par' dir='ltr' id='par_1_10' title="bbox 266 4185 1420 4428">
     <span class='ocr_line' id='line_1_37' title="bbox 355 4185 983 4255; baseline 0 -17"><span class='ocrx_word' id='word_1_355' title='bbox 355 4188 377 4253; x_wconf 90' lang='lat'>1)</span> <span class='ocrx_word' id='word_1_356' title='bbox 397 4186 464 4240; x_wconf 82' lang='grc' dir='ltr'>ἀλλὰ</span> <span class='ocrx_word' id='word_1_357' title='bbox 481 4189 541 4240; x_wconf 86' lang='lat' dir='ltr'>ante</span> <span class='ocrx_word' id='word_1_358' title='bbox 558 4185 602 4239; x_wconf 85' lang='grc' dir='ltr'>καί</span> <span class='ocrx_word' id='word_1_359' title='bbox 619 4187 690 4255; x_wconf 88' lang='lat' dir='ltr'>apud</span> <span class='ocrx_word' id='word_1_360' title='bbox 708 4185 815 4239; x_wconf 84' lang='lat' dir='ltr'>Suidam</span> <span class='ocrx_word' id='word_1_361' title='bbox 833 4185 983 4239; x_wconf 87' lang='lat' dir='ltr'>delendum.</span> 
     </span>
     <span class='ocr_line' id='line_1_38' title="bbox 355 4266 1419 4343; baseline -0.006 -18"><span class='ocrx_word' id='word_1_362' title='bbox 355 4272 377 4336; x_wconf 74' lang='grc'>2)</span> <span class='ocrx_word' id='word_1_363' title='bbox 396 4271 476 4325; x_wconf 88' lang='lat' dir='ltr'>Photi</span> <span class='ocrx_word' id='word_1_364' title='bbox 494 4271 609 4340; x_wconf 85' lang='lat' dir='ltr'>glossam</span> <span class='ocrx_word' id='word_1_365' title='bbox 627 4269 741 4343; x_wconf 78' lang='grc' dir='ltr'>μοιχῖδες·</span> <span class='ocrx_word' id='word_1_366' title='bbox 758 4271 846 4339; x_wconf 76' lang='grc' dir='ltr'>μᾶζαι.</span> <span class='ocrx_word' id='word_1_367' title='bbox 862 4269 908 4322; x_wconf 84' lang='grc' dir='ltr'>καὶ</span> <span class='ocrx_word' id='word_1_368' title='bbox 924 4273 956 4322; x_wconf 83' lang='grc' dir='ltr'>τὰ</span> <span class='ocrx_word' id='word_1_369' title='bbox 974 4275 1007 4340; x_wconf 71' lang='grc' dir='ltr'>τῇ</span> <span class='ocrx_word' id='word_1_370' title='bbox 1025 4267 1119 4341; x_wconf 77' lang='grc' dir='ltr'>Ἕαίιτη</span> <span class='ocrx_word' id='word_1_371' title='bbox 1138 4268 1317 4338; x_wconf 77' lang='grc' dir='ltr'>συντελούμενα</span> <span class='ocrx_word' id='word_1_372' title='bbox 1335 4266 1419 4320; x_wconf 82' lang='grc' dir='ltr'>δεῖπνα.</span> 
     </span>
     <span class='ocr_line' id='line_1_39' title="bbox 266 4352 1420 4428; baseline -0.006 -17"><span class='ocrx_word' id='word_1_373' title='bbox 266 4357 346 4419; x_wconf 79' lang='grc' dir='ltr'>οὓτως</span> <span class='ocrx_word' id='word_1_374' title='bbox 362 4353 546 4428; x_wconf 84' lang='grc' dir='ltr'>Ἀριστοφάνης</span> <span class='ocrx_word' id='word_1_375' title='bbox 564 4355 659 4410; x_wconf 84' lang='lat' dir='ltr'>Nauck</span> <span class='ocrx_word' id='word_1_376' title='bbox 676 4373 701 4423; x_wconf 90' lang='lat' dir='ltr'>p.</span> <span class='ocrx_word' id='word_1_377' title='bbox 720 4353 773 4408; x_wconf 80' lang='lat'>206</span> <span class='ocrx_word' id='word_1_378' title='bbox 791 4355 962 4422; x_wconf 83' lang='lat' dir='ltr'>grammatico</span> <span class='ocrx_word' id='word_1_379' title='bbox 980 4354 1098 4410; x_wconf 87' lang='lat' dir='ltr'>tribuere</span> <span class='ocrx_word' id='word_1_380' title='bbox 1116 4352 1212 4406; x_wconf 89' lang='lat' dir='ltr'>maluit</span> <span class='ocrx_word' id='word_1_381' title='bbox 1230 4369 1309 4420; x_wconf 88' lang='lat' dir='ltr'>quam</span> <span class='ocrx_word' id='word_1_382' title='bbox 1327 4352 1420 4405; x_wconf 87' lang='lat' dir='ltr'>oomioo</span> 
     </span>
    </p>
   </div>
   <div class='ocr_carea' id='block_1_11' title="bbox 268 4436 1535 4512">
    <p class='ocr_par' dir='ltr' id='par_1_11' title="bbox 268 4426 1535 4512">
     <span class='ocr_line' id='line_1_40' title="bbox 268 4436 1535 4512; baseline -0.007 -18"><span class='ocrx_word' id='word_1_383' title='bbox 268 4442 326 4512; x_wconf 76' lang='lat' dir='ltr'>(lig.</span> <span class='ocrx_word' id='word_1_384' title='bbox 345 4440 416 4507; x_wconf 83' lang='lat'><strong>644).</strong></span> <span class='ocrx_word' id='word_1_385' title='bbox 440 4441 488 4494; x_wconf 91' lang='lat' dir='ltr'>sed</span> <span class='ocrx_word' id='word_1_386' title='bbox 510 4440 575 4494; x_wconf 83' lang='lat' dir='ltr'>haee</span> <span class='ocrx_word' id='word_1_387' title='bbox 608 4440 715 4493; x_wconf 83' lang='lat' dir='ltr'>dicendi</span> <span class='ocrx_word' id='word_1_388' title='bbox 742 4438 854 4492; x_wconf 85' lang='lat' dir='ltr'>formula</span> <span class='ocrx_word' id='word_1_389' title='bbox 875 4438 955 4501; x_wconf 75' lang='grc' dir='ltr'>οὕτως</span> <span class='ocrx_word' id='word_1_390' title='bbox 974 4438 988 4492; x_wconf 80' lang='grc' dir='ltr'>ά</span> <span class='ocrx_word' id='word_1_391' title='bbox 1006 4437 1075 4492; x_wconf 83' lang='grc' dir='ltr'>δεῖνα</span> <span class='ocrx_word' id='word_1_392' title='bbox 1097 4436 1197 4507; x_wconf 87' lang='lat' dir='ltr'>ubique</span> <span class='ocrx_word' id='word_1_393' title='bbox 1215 4438 1248 4490; x_wconf 85' lang='lat' dir='ltr'>ad</span> <span class='ocrx_word' id='word_1_394' title='bbox 1273 4437 1420 4504; x_wconf 77' lang='lat' dir='ltr'>scriptorem</span> <span class='ocrx_word' id='word_1_395' title='bbox 1531 4439 1535 4500; x_wconf 72' lang='grc' dir='ltr'>ι]</span> 
     </span>
    </p>
   </div>
   <div class='ocr_carea' id='block_1_12' title="bbox 0 0 1566 4994">
    <p class='ocr_par' dir='ltr' id='par_1_12' title="bbox 0 0 1566 4994">
     <span class='ocr_line' id='line_1_41' title="bbox 0 0 1566 4994; baseline 0 0"><span class='ocrx_word' id='word_1_396' title='bbox 0 0 1566 4994; x_wconf 95' lang='lat' dir='ltr'> </span> 
     </span>
    </p>
   </div>
  </div>
 </body>
</html>
