3106 4994
789 331 829 386 32

228 542 289 597 182
314 558 340 595 ν.
367 537 427 614 24).
473 539 546 596 item
560 557 646 596 nemo
664 533 822 611 ίπκονόιιος
837 539 1113 617 nomentradidit.l)
1147 543 1274 602 maxime
1289 525 1393 604 autern

225 641 261 696 ab
276 640 470 716 Aristophane
485 640 637 699 Pollucem
658 642 786 717 pendere
801 641 1002 700 demonstrant
1024 643 1141 716 glossae
1164 641 1259 704 πῶλοι
1275 639 1393 724 tactor,

225 738 445 824 λιπογνώμονες,
457 744 588 825 γνώμων.
595 741 618 819 ’2)
638 743 737 819 itaque
759 744 814 802 hoc
825 744 980 820 praecipue
995 743 1125 802 PoHucis
1145 764 1291 806 consensu
1303 748 1392 805 nisus

227 843 256 900 irr
280 862 422 920 equorum
445 838 572 927 ἡλικίαις
595 863 645 902 eas
671 845 785 919 glossas
814 847 911 904 locum
944 846 1082 905 habuisse
1116 848 1228 907 conieci
1256 849 1292 926 (r.
1322 867 1389 926 srrp.

181 949 186 958 “
227 966 252 1020 p.
279 947 338 1021 26).
385 947 514 1006 Pollucis
536 948 626 1022 igitur
640 948 749 1006 auxilio
772 965 913 1024 equorum
928 941 1041 1029 ἡλικίαι
1063 950 1139 1024 apud
1162 950 1390 1027 Aristophanem

227 1048 400 1120 Byzantium
446 1050 568 1108 fortasse
615 1049 658 1107 sic
701 1050 899 1109 restituendae
945 1056 1026 1108 sunt:
1071 1046 1165 1111 ἵππων
1210 1047 1237 1112 οἱ
1281 1050 1391 1113 τέλειοι

225 1147 470 1236 λειπογνώμονος.
485 1197 492 1211 .
507 1145 550 1211 ,οἱ
566 1148 599 1210 δὲ
623 1152 681 1209 νέοι
703 1148 805 1224 πῶλοι,
829 1153 914 1233 μέσοι
937 1149 970 1211 δὲ
987 1146 1091 1230 ἄβολοι
1112 1148 1201 1214 ίπποι.

314 1328 484 1387 Extremam
507 1329 595 1387 huius
621 1330 724 1406 capitis
747 1335 868 1406 partem,
891 1330 1117 1406 disputationem
1139 1332 1176 1389 de
1199 1332 1292 1390 feris
1315 1332 1389 1389 aui-

226 1430 384 1488 malibus
408 1438 443 1490 et
465 1432 507 1490 de
530 1432 661 1490 avibus
701 1431 837 1507 supplere
870 1432 941 1491 licet
975 1450 1013 1490 ex
1035 1433 1151 1492 Aeliani
1177 1433 1289 1492 Natura
1316 1433 1387 1491 Ani-

166 1537 169 1543 '
225 1531 367 1589 muntium
382 1533 441 1591 VH
458 1537 508 1593 47.
554 1534 585 1591 lt
600 1534 631 1591 in
646 1535 701 1592 hac
723 1539 804 1610 parte
813 1538 931 1624 'tantam
951 1534 1147 1611 epitomatoris
1170 1535 1387 1610 neglegentiam

226 1652 293 1708 prae
318 1653 350 1693 se
373 1636 437 1708 fert,
463 1641 495 1693 ut
522 1636 597 1695 nihil
630 1637 692 1695 iere
720 1636 856 1694 utilitatis
884 1637 1045 1712 praeberet,
1073 1637 1132 1695 nisi
1157 1621 1329 1696 Eustirtlrius
1357 1642 1387 1695 et

225 1737 365 1795 Aelianus
389 1738 590 1797 subvenirent:
615 1739 760 1814 permulta
781 1739 833 1796 ille
856 1738 962 1812 omisit,
985 1743 1082 1798 cetera
1103 1740 1151 1798 uel
1174 1740 1317 1798 contraxit
1338 1739 1387 1797 vel

225 1839 444 1913 conglutinavit,
460 1841 571 1916 passim
585 1858 681 1900 meras
697 1841 810 1914 glossas
826 1841 953 1899 servarit
964 1840 1249 1917 interpretationibus
1261 1840 1385 1899 omissis.

225 1960 281 1998 nec
303 1941 474 2000 Eustathius
497 1943 529 1999 in
551 1943 598 2000 his
622 1942 745 2001 eandem
760 1960 859 2000 cruam
875 1943 1117 2019 diligentiamque
1139 1943 1284 2019 praestitit
1298 1961 1385 2019 quam

227 2043 257 2098 irr
281 2044 430 2118 superiore
458 2051 555 2120 parte>
598 2045 720 2103 Aeliano
748 2063 816 2103 vero
850 2064 888 2103 rrc
919 2046 996 2103 iusto
1030 2045 1102 2128 plus
1130 2046 1201 2104 fidei
1229 2043 1386 2103 habeamus

228 2146 354 2203 maxime
378 2147 540 2204 carendum
563 2151 622 2206 est:
646 2165 684 2205 nc
707 2147 733 2205 is
749 2147 870 2223 quidem
885 2147 1068 2206 celeberrimi
1087 2147 1268 2222 grammatici
1288 2148 1386 2205 obser-

225 2248 357 2307 vationes
396 2249 466 2306 satis
503 2267 610 2324 magna
646 2249 785 2308 fidelltate
818 2249 972 2325 expressit.
1019 2249 1071 2308 sed
1098 2250 1214 2308 ridetur
1239 2267 1298 2307 non
1326 2249 1386 2305 iam

215 2350 374 2430 integrum
396 2351 433 2407 ad
448 2369 552 2410 manus
574 2352 712 2410 habuisse
741 2351 898 2427 exemplar,
925 2369 1068 2427 perpauca
1087 2353 1219 2427 praebet
1252 2369 1326 2427 quae
1355 2351 1386 2407 in

226 2452 371 2528 excerptis
394 2452 565 2525 Byzantinis
588 2454 738 2513 exstitisse
761 2472 819 2513 non
841 2453 1003 2512 rideantur.

314 2555 401 2613 Initio
424 2554 627 2631 disputationis
654 2556 864 2632 Aristophanes
893 2554 1051 2629 Byzantius
1079 2555 1226 2631 pullorum
1256 2554 1386 2611 omniurn

226 2658 354 2714 terarum
377 2657 493 2716 nomina
517 2658 678 2732 congessit:
702 2659 799 2716 omnia
822 2658 920 2716 omisit
941 2658 981 2731 M,
1004 2646 1096 2733 pauca
1123 2657 1277 2732 descripsit
1303 2656 1385 2715 Errst.

226 2757 262 2833 (p.
290 2758 394 2834 1625),
422 2759 513 2817 multo
541 2760 625 2835 plura
652 2759 830 2836 Aelianus.3)
884 2765 999 2819 secutae
1034 2765 1104 2818 sunt
1129 2754 1249 2841 ἐλάφων
1276 2751 1386 2840 ἡλικίαι

228 2860 256 2916 in
272 2859 303 2917 ll
319 2865 349 2918 et
363 2861 440 2936 apud
454 2861 643 2920 Eustatlrium
658 2863 787 2922 traditae.
812 2863 890 2940 quod
912 2863 1052 2922 Aelianus
1075 2879 1125 2920 eas
1147 2860 1253 2932 omisit
1270 2877 1386 2918 oausam

227 2963 392 3038 repperisse
427 2964 499 3021 mihi
532 2965 640 3023 uideor.
691 2965 749 3023 huc
779 2965 859 3022 enim
886 2964 1034 3040 pertinere
1071 2963 1208 3020 ridentur
1241 2980 1316 3038 quae
1349 2962 1386 3019 de

228 3065 419 3124 Anacreontis
443 3066 567 3142 quodam
582 3085 672 3126 versu
691 3085 730 3126 cx
750 3066 942 3142 Aristophane
957 3064 1099 3138 Byzantio
1113 3063 1224 3139 profert
1245 3064 1386 3123 Aelianus

226 3166 261 3227 N.
285 3163 323 3225 A.
347 3167 406 3225 VII
430 3172 484 3228 39:
510 3161 601 3228 Ὅσοι
623 3163 741 3245 λέγουσι
763 3165 860 3252 halcu
888 3162 1000 3251 ἔλαφον
1024 3161 1136 3247 κέρατα
1158 3158 1193 3225 οὐ
1217 3165 1308 3248 phara,
1331 3157 1387 3224 oia

316 3336 337 3401 ¹)
357 3335 488 3406 ἱπποκόμος
507 3339 535 3390 in
552 3338 630 3391 libris
648 3341 738 3391 exstat
756 3335 835 3405 Soph.
854 3337 897 3390 ni.
917 3336 969 3390 232
988 3335 1181 3407 (,,καὶβοιὴροις
1199 3332 1386 3402 ἱππονόμοος”),

227 3422 273 3474 sed
291 3422 320 3474 in
338 3423 395 3474 cod.
415 3422 492 3475 Lam.
513 3424 543 3489 „t
562 3423 591 3474 in
608 3421 690 3475 litura
707 3421 777 3475 alius
801 3420 904 3475 litterae
923 3425 950 3474 et
968 3440 1012 3484 οος
1031 3437 1065 3473 ex
1084 3440 1116 3482 ας
1133 3417 1224 3472 fact0''
1245 3417 1385 3485 (Dindorl).

226 3524 240 3557 c
258 3505 370 3558 Porscni
389 3505 456 3560 coni.
475 3506 574 3575 legitur
591 3505 743 3577 ίπντονώμας.

316 3591 338 3655 ²)
366 3594 452 3645 cetera
484 3592 639 3644 testimonia
665 3591 761 3658 partim
789 3593 912 3658 corrupta
939 3591 1013 3643 sunt:
1043 3589 1146 3658 Phryn.
1175 3588 1258 3641 Belrk.
1285 3588 1329 3654 49,
1352 3589 1385 3641 33

225 3675 344 3742 llesych.
363 3674 459 3744 ἄβολος
478 3675 562 3729 schol.
581 3675 740 3744 PlatLegg.
759 3691 784 3742 p.
804 3673 863 3729 453.
883 3674 936 3728 lex.
955 3673 1037 3727 Bclrlr.
1057 3673 1153 3740 3222.

315 3761 337 3825 3)
357 3760 460 3813 Aeliani
491 3761 573 3814 verba
601 3758 749 3830 παρδάλεων
771 3757 798 3811 δὲ
826 3759 926 3830 σκύμνοι
947 3777 973 3811 τε
1001 3758 1045 3811 καὶ
1072 3757 1181 3830 ἄρκηλοι
1199 3774 1234 3810 ex
1246 3757 1385 3810 Eustuthio

227 3845 389 3897 emendanda
401 3862 460 3898 esse
473 3845 525 3898 sic:
544 3843 691 3916 παρδάλεων
709 3842 735 3896 δὲ
753 3844 853 3914 σκύμνοι
870 3842 922 3914 (καὶ
934 3841 1104 3914 παρδαλιδεῐς,
1123 3841 1219 3911 ἄρκτων
1237 3840 1263 3893 δὲ
1276 3841 1384 3910 σκύμνοι)

227 3948 252 3981 τε
271 3930 313 3980 καὶ
331 3927 440 4000 ἄρκηλοι
458 3929 562 3981 monuit
574 3927 669 3982 Nauck
682 3945 707 3995 p.
723 3927 783 3981 115.
796 3927 940 3982 Fresenius
959 3930 994 3995 (p.
1007 3926 1093 3979 12011.
1103 3925 1131 3991 3)
1150 3925 1289 3993 sequentia
1306 3924 1386 3976 rerba

227 4013 273 4066 είοί
291 4011 317 4065 δὲ
336 4011 362 4065 οἷ
378 4033 438 4084 φασι
454 4015 524 4084 γένος
542 4015 623 4085 ἕτερον
640 4019 688 4065 τῶν
709 4011 857 4084 παρδάλεων
878 4013 937 4074 τοὺς
960 4009 1088 4082 ἀρκὴλους
1110 4006 1172 4063 εἶναι
1197 4009 1308 4062 delenda
1329 4023 1386 4060 csse

229 4099 320 4150 ‹rensst
337 4113 390 4149 non
409 4097 534 4151 dubitans
554 4097 636 4165 „quin
655 4095 744 4149 addita
762 4096 817 4150 sint
834 4100 908 4150 anta
924 4095 1032 4149 librario
1051 4095 1099 4163 qui
1116 4094 1223 4148 Aeliani
1235 4093 1316 4148 verba
1333 4093 1386 4158 aut,

229 4183 299 4250 quod
318 4182 443 4249 equidem
460 4181 560 4250 malim,
579 4181 611 4234 ab
630 4181 740 4235 Aeliano
759 4182 806 4249 qui
824 4179 1012 4248 Aristophanis
1030 4180 1111 4233 verba
1128 4178 1249 4232 mutilata
1265 4175 1386 4245 legerit'.

229 4266 308 4319 rerba
325 4266 372 4319 issa
390 4283 453 4320 sana
471 4269 541 4334 suut,
560 4266 584 4318 si
596 4282 644 4333 pro
662 4273 709 4318 τῶν
726 4265 873 4338 παρδάλεων
892 4263 1033 4332 scripseris
1046 4271 1093 4318 τῶν
1105 4263 1209 4334 ἄρκτων.
1222 4263 1255 4316 ci.
1268 4261 1386 4328 Hesych.

228 4350 338 4422 ἄρκηλοι·
358 4349 406 4404 ὠὸν
431 4351 503 4421 [ζῷον
520 4351 634 4419 Nauck}
672 4348 794 4422 Κρῆτες
818 4351 872 4420 τὴν
895 4349 1033 4422 ὕστριχα
1070 4349 1122 4402 iam
1145 4348 1253 4416 apparet
1275 4361 1387 4398 errorem

227 4452 285 4489 osse
304 4435 391 4503 ipsius
410 4434 523 4502 Aeliani,
541 4451 594 4490 non
613 4433 787 4488 librariorum.
