3106 4994
606 424 620 429 -
692 341 804 428 17...
884 337 886 340 ’

131 544 285 630 Φρὺνιχυς
314 543 469 610 άνάττικάν
493 566 581 630 φησιν
609 543 680 609 εἶναι
713 547 768 629 vbi
795 546 898 630 φωνὴν
926 532 976 605 καὶ
1003 544 1151 628 θαυμάζει
1186 555 1248 621 πῶς
1277 543 1292 609 ὁ

131 646 327 733 Φερεκράτης
351 645 548 723 άττικώτατυς
570 644 612 710 ὢν
634 657 750 733 χρῆται.
780 643 874 722 ἀστὰς
899 646 931 708 δέ
954 647 1011 720 τὰς
1031 657 1169 726 γυναῖκας
1191 647 1293 727 ἔλεγον

132 747 168 813 od
197 751 246 826 διὰ
276 753 310 813 τὸ
339 753 380 835 μὴ
408 749 556 813 bivolohon
578 747 673 829 λέγειν
702 745 876 834 Asparata,
906 743 970 810 ἀλλ’
1006 745 1105 834 ἐπειδὴ
1140 751 1204 826 καὶ,
1222 753 1292 826 τοὺς

132 850 245 936 ἄνδρας
268 849 376 928 ἀστοὺς
399 849 563 932 ἐκάλυυν.1)
597 874 635 914 ex
657 855 712 913 hoo
735 854 875 931 Stephani
903 854 967 912 loeo
996 860 1115 930 apparet
1143 853 1235 914 Orum
1257 856 1294 913 ad
1362 839 1368 844 ’

132 957 334 1030 Phrynichum
356 956 542 1016 rehrtandum
564 957 685 1030 Didymi
710 957 809 1033 copias
830 953 1007 1030 adhibuisse,
1041 956 1203 1030 Didymum
1226 971 1314 1015 vero¹

132 1059 326 1134 Aristophane
348 1059 490 1133 Byzantio
512 1077 600 1117 usum
624 1077 689 1118 esse
705 1063 829 1118 auctore.
866 1056 955 1118 Orum
979 1058 1077 1134 ipsum
1092 1059 1295 1135 Aristophanis

132 1161 314 1235 grammatici
347 1157 440 1234 λέξεις
467 1161 576 1220 adiisse
609 1167 643 1220 ut
676 1161 829 1220 eradamus
863 1160 945 1218 milla
977 1160 1089 1219 ratione
1125 1161 1295 1238 postulatur.

133 1281 260 1339 namque
275 1263 352 1338 apud
363 1263 524 1336 Didymum
541 1268 572 1322 et
588 1263 638 1340 qui
659 1264 738 1322 hunc
753 1260 976 1341 sequebanturl)
992 1262 1110 1321 Aelium
1121 1263 1296 1337 Dionysium

135 1365 367 1442 Pausaniamque
402 1366 472 1423 satis
506 1366 598 1424 multa
637 1365 757 1438 invenit,
797 1366 904 1441 quibus
948 1363 1153 1438 Pluynichum
1197 1371 1297 1442 posset

133 1467 269 1526 refutare.
315 1468 568 1542 grammaticomm
591 1467 672 1526 illius
688 1467 791 1526 aetatis
803 1485 867 1526 mos
884 1485 943 1526 non
959 1467 1023 1542 fuit,
1034 1472 1068 1524 ut
1083 1467 1114 1524 in
1131 1467 1297 1526 auctoribus

134 1569 280 1642 eligendis
312 1570 538 1644 regrederentur
565 1569 603 1627 ad
636 1570 863 1646 antiquissimae,
897 1570 987 1628 immo
1018 1577 1088 1627 vero
1122 1569 1296 1627 novissimos

135 1671 301 1730 exscribere
324 1670 528 1748 maluerunt)
563 1690 651 1748 quam
684 1690 748 1730 rem
771 1674 943 1732 confirmant
975 1672 1065 1730 ceteri
1088 1671 1296 1748 lexicographi,

135 1789 259 1847 quonnn
273 1791 360 1832 nemo
374 1774 577 1850 Aristophanis
592 1770 685 1846 λέξεις
696 1774 760 1850 ipse
771 1757 909 1850 inspexit,
927 1775 978 1850 qui
993 1779 1093 1835 tamen
1109 1773 1211 1832 multis
1225 1774 1297 1832 locis

135 1875 199 1932 eius
222 1875 440 1934 observationes
455 1877 542 1935 tacite
564 1877 690 1949 tradunt,
713 1877 864 1935 Pollucem
887 1876 951 1933 dico
969 1875 1152 1948 Hesychium
1160 1876 1298 1934 Photium
1348 1895 1357 1918 ·

134 1975 216 2048 aliae,
240 1977 346 2051 quibus
368 1979 511 2037 accedunt
527 1979 707 2037 scholiastae.
753 1979 887 2054 exempla
910 1977 1052 2054 quaedam
1075 1979 1179 2036 afferre
1201 1979 1296 2036 liceat.

224 2078 385 2154 scripserat
395 2079 606 2158 Aristophanes
617 2083 653 2140 de
665 2081 828 2157 imperativi
841 2081 942 2138 formis
955 2074 1071 2140 άπάστα
1082 2079 1201 2159 κατάβα
1217 2081 1296 2156 sim.;

136 2177 225 2237 thum
248 2180 376 2240 vidimus
399 2177 518 2244 άπάστα
540 2184 706 2270 laudavisse
729 2201 746 2242 e
774 2183 928 2242 Menandri
947 2175 1132 2264 Ἐπικλήρῳε
1157 2184 1214 2241 alia
1241 2184 1298 2241 (luo

187 2327 451 2336 ---.-—.—.-—-

225 2383 247 2450 1)
269 2385 344 2440 Dnst.
372 2404 397 2455 p.
417 2387 459 2454 84,
479 2387 513 2440 21
537 2387 671 2455 excerptis
700 2403 738 2446 ex.
758 2387 835 2440 Aelio
864 2386 995 2454 Dionysio
1025 2390 1053 2440 et
1072 2387 1209 2441 Pausania
1232 2388 1297 2440 haee

136 2467 269 2526 adiunxit:
289 2473 368 2543 ἕτεροι
386 2471 412 2524 δὲ
425 2479 472 2524 τῶν
483 2472 597 2526 παλαιῶν
605 2472 669 2526 οὕτω
682 2472 807 2540 αυνιόμως
820 2466 893 2523 εἶπον·
903 2470 1027 2525 άνάττικυν
1037 2469 1183 2543 ’Abarnias
1193 2479 1299 2541 γυναῖκα

136 2551 314 2629 εἰπεῖν’,ὰστὰς
333 2554 360 2608 δέ
378 2560 424 2618 τὰς
442 2553 560 2618 Ἀττικὰς
578 2563 698 2627 γυναῖκας
714 2553 801 2626 ἔλεγον
818 2555 854 2616 ὡς
871 2554 914 2607 καὶ
931 2557 988 2617 τοὺς
1007 2553 1098 2626 ἄνδρας
1116 2555 1213 2617 ἀστούς.
1232 2555 1298 2608 haec

136 2635 211 2690 Eust.
235 2655 288 2691 non
311 2656 346 2692 ex
365 2639 417 2693 Oro
439 2641 527 2706 habet,
556 2642 586 2692 ut
613 2639 749 2693 contendit
775 2639 865 2693 Naher
892 2642 927 2708 (p.
946 2639 1000 2706 98),
1029 2639 1075 2692 sed
1103 2656 1138 2692 ex
1165 2638 1298 2708 Stephano

136 2719 275 2787 Byzantio.
298 2741 360 2776 nam
383 2724 466 2778 Orum
484 2725 559 2778 Eust.
582 2742 635 2778 non
657 2725 712 2778 nisi
730 2725 915 2778 technicorum
933 2725 970 2794 (h.
994 2740 1016 2776 e.
1041 2723 1228 2791 Choerobosei)
1246 2724 1298 2778 fide

136 2804 238 2858 laudat:
258 2809 290 2860 cf.
309 2826 334 2876 p.
354 2809 414 2876 859,
434 2809 468 2862 52
486 2813 569 2880 παρὰ
586 2808 618 2862 δὲ
636 2817 701 2872 τοῖς
723 2817 878 2880 τεχνικοῖς
904 2816 984 2861 κεῖται
1005 2808 1048 2861 καὶ
1071 2807 1108 2860 ὅτι
1131 2808 1207 2876 ὁμέν
1221 2804 1299 2877 Ὦρος

136 2889 185 2960 οὐχ
201 2887 351 2963 Ἑλληνικὴν
367 2893 430 2956 λέξιν
446 2893 492 2964 τὴν
508 2893 619 2966 ἷυιτρίνην
636 2890 700 2946 εἶναί
719 2913 801 2966 φησιν,
817 2891 984 2964 Ἀλέξανδρος
1002 2891 1029 2946 δὲ
1048 2889 1220 2954 δΚυττυαεὺς
1237 2895 1299 2963 πρὸς

138 2973 265 3046 ἀκρίβειαν
282 2976 367 3031 λαλῶν
385 2980 423 3050 μὴ
440 2975 558 3050 Ἀττικὴν
585 2972 646 3032 εἶναι
673 2977 751 3049 αὐτὴν
776 2978 849 3049 λέγει.
882 2993 948 3046 quae
971 2979 999 3030 et
1024 2969 1082 3044 ipsa
1100 2993 1135 3029 ex
1158 2975 1206 3028 Ori
1232 2979 1300 3028 κατὰ

138 3059 265 3132 Φρυνίχου
287 3061 355 3116 libro
378 3063 461 3131 petita
484 3078 542 3116 esse
566 3063 682 3116 coniecit
702 3061 809 3116 Ritschl
831 3062 864 3116 de
889 3061 941 3116 Oro
959 3079 984 3130 p.
1003 3061 1038 3114 42
1062 3060 1171 3130 (Opusc.
1194 3059 1299 3125 1627).

138 3146 272 3210 praeterea
289 3146 392 3200 duobus
410 3143 477 3201 locis
491 3146 573 3200 Oxum
590 3147 681 3200 laudat
689 3147 763 3201 Dust.
782 3163 808 3216 p.
827 3147 888 3215 837,
906 3145 949 3200 45.
969 3146 1029 3213 857,
1047 3145 1090 3213 42,
1110 3147 1223 3214 unoque
1241 3144 1300 3197 loco

137 3244 173 3364 ρρι
192 3227 391 3367 theroboscoe
406 3233 438 3285 cf.
457 3231 500 3284 Et.
519 3231 573 3300 Mg.
592 3231 653 3299 411,
677 3229 719 3285 53.
739 3231 865 3285 Choerob.
886 3229 1008 3298 Orthogr.
1036 3227 1096 3298 235,
1123 3229 1157 3282 27
1185 3229 1226 3282 nt.
1245 3227 1299 3296 hig.

163 3330 215 3368 oss.
252 3315 294 3382 67,
312 3316 337 3369 4.
588 3333 592 3342 ’

227 3412 249 3477 2)
269 3407 376 3467 Aelium
394 3413 556 3481 Dionysium
574 3415 602 3466 et
618 3412 778 3466 Pausaniam
800 3429 854 3466 non
876 3412 953 3480 sequi
971 3411 1148 3481 Megaelidsm
1185 3412 1248 3480 (quo
1267 3411 1299 3464 de

140 3499 171 3550 ct.
191 3496 364 3566 Sengebuseh
394 3498 458 3551 diss.
477 3497 554 3552 Hom.
574 3497 589 3550 Ι
606 3515 631 3564 p.
650 3496 696 3562 88)
720 3513 754 3550 ex
772 3496 897 3551 Dnstathi
914 3496 1066 3564 Suidaeque
1088 3495 1156 3550 locis
1179 3496 1299 3562 apparet:

140 3580 244 3634 scilieet
261 3581 372 3651 Didymi
395 3583 580 3636 auctoritatem
607 3582 770 3651 sequuntur,
794 3581 841 3651 qui
862 3581 1049 3649 Aristophanis
1074 3581 1222 3635 doctrinam
1249 3599 1301 3652 qna

139 3664 314 3732 Megaclidem
332 3668 357 3720 is
375 3667 536 3720 refutaverat
553 3682 629 3720 suam
646 3666 771 3720 reddidit.
799 3665 972 3735 Phrynichus
990 3682 1053 3720 vero
1072 3666 1158 3718 acrior
1174 3665 1221 3720 ille
1239 3667 1301 3735 puri

141 3751 268 3804 sermonis
295 3751 380 3804 Attici
407 3753 585 3820 propugnator
605 3749 781 3818 Megaelidem
811 3752 920 3804 secutus
945 3750 1063 3802 Atticam
1086 3766 1145 3803 esse
1166 3747 1301 3822 Ἀθηναία

141 3834 249 3886 termam
267 3835 362 3888 noluit.
381 3835 515 3888 sedidem
534 3834 649 3904 diligens
663 3833 724 3887 Aeli
733 3833 848 3903 Dionysi
866 3834 949 3887 lexiei
967 3832 1051 3888 lector
1067 3850 1121 3888 non
1138 3834 1230 3887 mirari
1247 3850 1301 3888 non

141 3918 235 3984 potrdt,
259 3920 329 3986 quod
346 3919 519 3973 Pherecrates
542 3919 666 3988 antiquae
684 3919 834 3972 comoediae
851 3920 929 3987 poeta
945 3915 1078 3990 Ἀθηναία
1100 3919 1212 3972 dixerat.
1240 3935 1301 3971 nam

141 4018 223 4056 novae
240 4004 391 4058 comoediae
409 4007 500 4072 poetas
513 4004 706 4071 (Philemonem
719 4002 869 4071 Diphilum)
888 4019 940 4057 non
959 4003 1088 4056 tantidmn
1104 4003 1181 4056 feeit:
1200 4002 1301 4070 ubique

141 4087 194 4139 sere
227 4087 404 4142 Menandrum
435 4089 547 4157 castigat
577 4091 683 4157 propter
723 4087 911 4142 barbarismos:
947 4089 980 4141 cf.
1010 4087 1067 4141 Del.
1097 4103 1123 4155 p.
1148 4086 1199 4139 196
1228 4085 1300 4154 Epit.

142 4188 166 4238 p.
179 4171 239 4225 331.
257 4173 318 4226 363.
338 4172 399 4241 387,
422 4172 483 4226 aliis
501 4171 576 4227 loeis.
604 4173 637 4227 de
654 4170 811 4226 Philemone
833 4172 866 4225 cf.
885 4171 956 4240 Epit.
979 4189 1005 4240 p.
1024 4170 1085 4225 355.

230 4273 252 4339 3)
271 4275 376 4329 aceedit
403 4275 474 4344 quod
504 4274 574 4330 Orus
601 4275 684 4330 semel
711 4277 746 4344 (p.
775 4273 872 4342 96,12
895 4272 1037 4345 ἐπιστάτης)
1060 4273 1092 4327 ab
1122 4272 1300 4354 Aristophane

143 4358 287 4426 discrepat:
307 4360 355 4428 qui
377 4376 440 4414 cum
464 4361 595 4432 ἐπιστάτης
620 4361 652 4414 de
677 4359 749 4413 omni
773 4358 959 4427 magistrorum
989 4374 1083 4427 genere
1110 4357 1214 4411 dictum
1241 4373 1301 4410 esse

143 4442 270 4496 affirmare
287 4459 341 4497 non
358 4446 475 4514 auderet,
494 4443 564 4498 Orus
581 4444 730 4498 affirmavit.

358 4542 360 4548 ’
1178 4530 1195 4582 2
