3106 4994
223 483 417 570 ἐπιιιῦλλιυμα
460 485 721 570 (κατακῦλλιυμα),
759 484 961 570 ἑπιστὰτιγςῙ),
995 484 1124 574 λέμρος,
1163 491 1263 570 μαγίς,
1298 491 1393 571 μοιχή

165 598 172 611 ·
225 588 343 672 (ροιχίς)
367 591 560 672 στεγανόμιον
583 591 762 649 testimoniis
793 592 871 668 apud
893 591 1081 652 Eustathium
1104 598 1219 650 carent:
1248 592 1393 649 nunimun

225 691 360 750 Eustathi
384 692 535 768 exemplar
557 711 615 751 non
638 693 696 751 iam
718 693 867 768 integrum
888 694 952 752 fuit.
1357 673 1360 682 ¹

313 794 465 853 Accedunt
479 794 536 852 alia
551 796 621 854 vitia
635 814 669 854 an
685 795 818 854 diversae
834 797 1024 873 corruptelae,
1040 797 1147 872 quibus
1162 814 1221 854 non
1243 797 1394 871 iutegnun

224 901 312 972 capnt
333 897 579 972 Aristophaneum
601 898 638 955 ad
665 915 719 956 nos
747 898 917 978 pervenisse
946 900 1090 975 probatur.
1119 897 1230 975 aliquot
1258 899 1395 974 exempla

226 999 378 1074 proferam.
439 998 520 1058 Eust.
549 1019 576 1075 p.
614 1005 778 1060 1761...
803 1000 943 1060 συνάπτει
971 997 1004 1060 δὲ
1044 999 1156 1068 τοῦτοις
1190 997 1300 1068 ξενικὸν
1341 998 1396 1060 ναί

225 1099 258 1158 τὸ
282 1094 498 1180 ἀρδαλῶσαι
513 1095 604 1182 ἤγουν
628 1099 762 1184 μολῦναι,
778 1100 939 1186 προφέρων
954 1102 1006 1163 ναί
1020 1103 1054 1163 τὸ
1071 1102 1143 1184 ,τὴν
1157 1103 1211 1185 μὲν
1228 1097 1322 1181 ἄρδειν
1338 1096 1393 1161 ἀπ’

225 1196 300 1284 ἐμοῦ
325 1203 498 1279 σπόγγισον”
522 1202 573 1262 καί
597 1205 631 1264 τὸ
651 1201 826 1283 ,Αἰγυπτιυς
842 1204 998 1288 θοιμάτιον
1013 1199 1173 1288 ἠρδοίλιυσὲ
1189 1197 1263 1287 μου”
1280 1201 1315 1282 (ν.
1329 1222 1394 1280 sup.

225 1324 253 1380 p.
280 1309 370 1364 1011.
396 1306 434 1381 2).
475 1306 554 1382 prior
587 1325 691 1367 versus
725 1328 783 1370 non
818 1305 992 1390 ἀρδοιλιῦσαι
1025 1309 1147 1367 verbum
1170 1305 1305 1380 illustrat,
1341 1307 1395 1365 sed

225 1395 332 1494 νυουιίι
351 1401 436 1486 ἄρδα.
461 1425 567 1485 nempe
591 1411 699 1469 omissa
722 1417 791 1471 sunt
812 1415 848 1472 ab
870 1411 1024 1471 Eustathio
1039 1411 1087 1469 vel
1103 1411 1134 1468 in
1150 1410 1213 1468 eins
1231 1409 1395 1486 exemplari

223 1509 334 1567 ontissa
356 1514 439 1567 amnt
460 1515 529 1569 ante
553 1505 726 1591 ἀρδαλιῦσαι
748 1517 837 1575 verba
860 1509 937 1595 ἄρδα
966 1507 981 1573 ὁ
1012 1511 1173 1600 μολυσμός.
1202 1512 1236 1569 cf.
1264 1510 1394 1584 Hesych.

227 1605 314 1690 ἄρδοι·
332 1608 493 1693 μολυσμὸς.
511 1648 552 1656 -
575 1613 656 1674 Euat.
680 1636 707 1693 p.
735 1622 834 1678 1761.
850 1663 856 1677 .
871 1662 878 1677 .
892 1614 970 1692 λέγει
993 1612 1026 1674 δὲ
1049 1613 1100 1674 καί
1121 1611 1290 1680 λαπίζειν
1312 1612 1395 1691 παρὰ

226 1707 376 1795 Σοφοκλεῖ
402 1714 434 1772 τὸ
469 1711 601 1795 συρίζειν.
637 1725 682 1778 est
713 1719 812 1794 glossa
846 1719 1026 1777 difficillima.
1062 1717 1186 1796 συρίζειν
1215 1715 1278 1773 sine
1307 1714 1395 1773 dubio

225 1820 397 1891 corruptum
426 1816 512 1894 osup
542 1837 610 1876 nam
638 1817 776 1895 λαπίζειν,
806 1822 832 1879 si
861 1821 967 1879 ceteris
995 1819 1123 1877 fontibus
1152 1819 1226 1876 fides
1253 1816 1394 1888 habenda⁷

225 1918 372 1992 „gloriari
389 1919 517 1977 iactare“
545 1922 697 1996 significat.
720 1923 849 1996 Hesyoh.
873 1919 993 1990 λαπίζει·
1009 1926 1177 1999 γαυροῦται.
1203 1955 1244 1960 -
1267 1916 1393 1999 λαπιτιγν

226 2019 286 2096 (vel
309 2017 450 2104 λαπιοι-βν
473 2023 522 2080 vel
544 2020 684 2106 λαπιοιτρν
707 2025 784 2101 leg.)·
817 2025 970 2105 ιιαυχητίγν
992 2021 1044 2081 καί
1067 2017 1154 2081 ἄλλοι.
1180 2057 1221 2064 -
1244 2019 1394 2088 λαοπίζειν

226 2115 247 2202 ἢ
276 2119 412 2190 λαπίζειν·
447 2123 517 2195 τοὺς
550 2123 642 2194 λαοὺς
677 2121 719 2194 εὶς
754 2121 816 2186 ὄπιν
850 2121 930 2202 ἄγειν
955 2126 1006 2185 καὶ
1040 2121 1218 2207 ἐπιστροφὴν
1259 2121 1306 2182 διὰ
1341 2129 1394 2206 τῆς

229 2218 440 2302 ἀλαζονείας.3)
478 2227 536 2285 lex.
561 2229 633 2286 rhet.
657 2229 748 2288 Bekk.
775 2234 847 2302 277,
873 2234 912 2288 27
936 2228 982 2286 ut.
1006 2227 1064 2302 Mg.
1090 2229 1163 2299 556,
1188 2229 1228 2285 5ss
1253 2222 1393 2293 λαπίζειν·

229 2320 473 2396 ἀλαζονεὺεσθαι.
512 2329 615 2388 Nauck
638 2331 675 2407 (p.
701 2332 775 2408 202)
798 2350 850 2408 pro
868 2325 992 2410 συρίζειν
1008 2329 1169 2404 legendum
1192 2346 1258 2387 esse
1270 2327 1395 2386 coniecit

228 2421 360 2509 ὑβρίζειν,
384 2431 448 2488 coll.
465 2431 592 2504 Hesych.
617 2429 724 2501 λάζειν·
749 2427 916 2514 ἐξυβρίζειν,
939 2433 971 2491 in
986 2430 1084 2500 λσίζειν
1101 2432 1192 2490 latere
1208 2424 1349 2497 λαπίζειν.
1365 2433 1395 2486 at

227 2523 351 2612 ὑβρίζειν
362 2533 485 2592 minime
496 2534 575 2593 idem
587 2541 633 2594 est
649 2537 726 2612 quod
738 2531 983 2609 ἄλαζονεῦεσθοιι,
997 2535 1074 2611 quod
1083 2531 1278 2614 γαυροῦσθαι.
1291 2530 1394 2589 vitium

227 2634 316 2692 altius
328 2635 420 2694 latere
432 2637 549 2695 indetur
555 2643 584 2696 ct
595 2639 758 2713 graviorem
769 2639 897 2716 postulat
908 2639 1062 2697 medelam.
1086 2637 1164 2713 quod
1177 2636 1203 2694 si
1212 2633 1394 2704 concedatur,

228 2734 336 2794 Naberi
360 2739 493 2812 quamvis
517 2741 612 2798 audax
635 2741 800 2800 coniectura
827 2760 886 2800 non
913 2741 953 2800 ita
980 2739 1167 2817 improbanda
1195 2737 1319 2807 indetur,
1344 2734 1395 2809 qui

114 2901 120 2916 ,
227 2837 414 2898 Eustathium
437 2843 585 2900 emendari
608 2844 672 2902 milt
694 2861 732 2902 ex
754 2844 851 2902 Photii
873 2844 971 2919 glossa
993 2840 1150 2906 λαπίιτειν·
1171 2838 1206 2898 τὸ
1229 2834 1395 2918 ψευδεσθαι

228 2939 279 2999 καί
302 2935 548 3010 ἀλαζονεῦεσθαι.
571 2944 622 3005 καί
637 2944 782 3028 λαπυιτίγς
798 2941 814 3005 ὁ
833 2943 964 3026 ψεῦσιης
976 2941 1025 3003 διὰ
1038 2949 1090 3003 τοῦ
1115 2936 1144 3013 ἆ,
1165 2936 1205 3012 ὡς
1222 2937 1394 3020 σαλπικτής,

229 3047 412 3127 συριιιτής.
438 3040 464 3105 οἱ
487 3043 520 3105 δὲ
544 3040 665 3127 Δωριεῖς
689 3045 736 3106 διὰ
759 3053 811 3106 τοῦ
836 3065 853 3104 σ
876 3044 1032 3127 λαπιστίγς,
1056 3044 1106 3103 καί
1121 3041 1290 3118 λαπίζεινί)
1318 3043 1394 3119 quod

227 3145 309 3205 Eust.
334 3147 405 3206 uicit
427 3145 556 3217 λαπίζειν
580 3149 746 3224 significare
770 3149 904 3229 συρίζειν,
920 3148 952 3206 id
968 3147 1083 3206 Nabero
1100 3165 1175 3220 „non
1190 3145 1394 3220 corrigendum

228 3249 352 3322 ridetur,
371 3251 423 3309 sed
440 3230 562 3310 debetur
573 3252 725 3311 Eustathio
741 3249 778 3329 [ν.
786 3258 843 3310 not.
860 3250 888 3328 1)
908 3251 960 3326 qui
977 3251 1070 3310 obiter
1084 3250 1179 3318 fontes
1195 3247 1394 3323 inspexerat”.

229 3351 354 3430 συρίζειν
378 3353 476 3428 igitur,
501 3355 527 3412 si
555 3360 634 3414 recte
662 3354 769 3412 Naberi
797 3355 885 3412 uerba
912 3353 1094 3428 interpretor,
1118 3368 1276 3412 exerrare
1300 3355 1394 3407 ortum

227 3457 283 3525 cst,
312 3473 380 3512 cum
408 3457 486 3531 quod
514 3457 643 3532 exempli
672 3457 765 3514 instar
791 3457 827 3513 ab
855 3455 1050 3531 Aristophane
1081 3452 1227 3510 adiectum
1254 3455 1315 3508 erat
1344 3469 1394 3526 pro

320 3637 341 3703 1)
362 3639 493 3710 ἐπιστάτης
512 3638 627 3706 glossam
646 3639 837 3705 Aristophanes
856 3655 896 3705 ap.
917 3637 992 3690 Eust.
1012 3654 1037 3704 p.
1065 3635 1141 3701 1827,
1165 3633 1199 3685 47
1223 3633 1337 3700 primum
1361 3648 1393 3684 ex

228 3721 341 3774 aliorum
360 3723 492 3775 sententia
510 3722 627 3790 explicat
650 3722 727 3790 (δοκεῖ
750 3731 801 3786 τοῖς
825 3722 929 3786 πολλοῖς
952 3719 1096 3784 τάττεσθαι)
1121 3734 1263 3785 eorumque
1286 3716 1394 3769 nomine

228 3805 320 3858 laudat
344 3807 495 3873 Ηυιιιυιιιιιι,
526 3809 585 3860 tum
612 3807 644 3858 de
672 3823 720 3860 suo
748 3807 857 3860 alteram
875 3807 950 3859 vocis
974 3803 1196 3874 significationem
1216 3802 1297 3868 addit,
1318 3800 1394 3853 cuius

230 3893 326 3943 tostam
346 3907 398 3944 non
417 3892 536 3944 nominat
554 3892 629 3944 Euat.

319 3975 341 4040 2)
361 3977 537 4044 corruptelam
554 3976 695 4029 Eustathio
714 3992 773 4030 osse
792 3975 969 4042 antiquiorem
989 3974 1067 4027 docet
1084 3972 1124 4025 M:
1144 3970 1261 4031 λαπίζειν
1280 3970 1349 4039 (sic).
1369 3973 1394 4020 u
1442 4045 1446 4055 Ι

228 4059 342 4129 συρίζειν.

320 4145 342 4212 3)
361 4146 462 4199 eisdem
475 4146 564 4198 verbis
576 4144 699 4216 λαπίθης
711 4161 808 4198 nonien
825 4143 942 4211 explicat
960 4142 1066 4195 Sueten.
1104 4140 1196 4209 βλασφ.
1216 4137 1252 4200 εἱς
1271 4137 1395 4198 ἀλαζόνας

229 4228 270 4296 (Μ
288 4229 363 4283 Eust.
387 4247 412 4297 p.
432 4229 492 4297 537,
511 4229 553 4282 42.
575 4229 651 4287 1909.
671 4228 724 4291 55).
1190 4299 1191 4304 ¹

320 4313 342 4379 4)
361 4331 403 4367 res
423 4315 498 4382 plane
517 4316 607 4368 contra
625 4317 677 4368 est:
698 4313 866 4367 Doriensium
880 4312 943 4364 simt
955 4309 1077 4362 λαπὶττειν
1095 4305 1227 4377 λαπιιιτής,
1247 4305 1394 4358 Atticorum

230 4399 343 4460 λαπίζειν
361 4398 493 4470 ληιστὴς,
526 4399 595 4468 quod
614 4397 777 4450 Ahrensium
797 4397 876 4466 (Diu.
896 4396 949 4448 dor.
970 4412 995 4462 p.
1016 4394 1060 4453 93)
1079 4410 1132 4446 non
1151 4391 1252 4444 vidisse
1272 4389 1359 4442 miror.
