3106 4994
741 295 758 351 9

160 497 271 587 ἐπειδή,
287 521 385 587 φασιν,
399 497 441 573 εἰς
457 504 570 585 μωρίαν
583 498 764 565 διέσκώπτυν
779 505 849 575 τους
865 497 1025 586 ῥεομένους
1037 501 1072 564 ἐκ
1086 513 1146 566 τών
1159 508 1324 588 μυκτηρυν·

162 601 235 665 ὅθεν
262 606 313 664 καὶ
347 600 493 687 ἀπομώξαι
521 605 586 665 τινὰ
618 607 650 665 τὸ
680 603 880 691 ἐξαπατῆσαι,
915 605 966 666 καὶ
989 601 1032 666 ὅτι
1054 605 1105 666 καὶ
1137 607 1176 667 τὰ
1205 605 1325 690 μυξώδη

162 702 238 787 κρέα
260 704 367 791 λέμφοι
390 704 562 769 ἐκαλοῦντο.
586 709 637 768 καὶ
652 703 696 769 ὅτι
720 703 819 790 ώοπερ
836 704 852 770 ὁ
872 705 992 791 λέμφος
1008 703 1024 769 ὁ
1043 717 1203 790 προσεχώς
1221 704 1328 794 ῥηθεὶς

163 809 267 891 καινὴ
291 809 353 869 καὶ
375 817 448 882 τοῖς
470 808 621 883 πολλοῖς
650 809 799 888 [παλαιοῖς
821 813 894 873 coni.
918 811 1022 870 Nauck
1044 812 1196 887 Melanges
1220 813 1326 873 (irtaco

162 913 301 971 Romains
324 913 369 971 ΠΙ
390 932 418 989 p.
445 912 518 990 173]
548 907 742 996 ἀσυνήθης
774 911 871 984 λέξις
905 911 991 985 ἐστίν,
1027 907 1105 974 οὕτω
1128 914 1179 974 καὶ
1202 902 1218 975 'a‘
1244 915 1327 995 παρὰ

162 1023 204 1094 τῷ
226 1023 348 1097 κωμικῷ
371 1008 510 1094 Κρατίνῳ
534 1016 652 1088 σὰννας.
688 1009 775 1089 αὐτὸς
810 1018 908 1099 μέντοι
937 1009 978 1076 οὐ.
1005 1016 1056 1077 τὸν
1091 1009 1190 1100 εώηθη
1226 1011 1328 1087 ἁπλῶς

163 1113 258 1198 δηλοῖ,
282 1111 361 1174 ἀλλὰ
381 1117 432 1178 τὸν
449 1119 565 1199 μωρόν.
579 1163 587 1178 .
602 1163 609 1178 .
624 1111 655 1177 ,ὁ
680 1115 713 1177 δέ
728 1119 778 1178 τὸν
794 1120 903 1180 σάνναν
919 1125 1023 1178 τοῦτον
1038 1120 1328 1203 παρασημηνάμενυς

159 1211 382 1303 Ἀριστοφάνης
405 1214 421 1279 ὁ
443 1219 714 1313 γραμματικὸςκαὶ
733 1215 849 1291 ἄλλας
866 1219 1058 1282 ἐκτίθεται
1075 1223 1329 1306 καινοφώνους

164 1316 298 1394 λέξεις,
323 1317 383 1384 οἷον
406 1317 530 1383 ἄσιλλαν
552 1321 616 1383 κτλ.
642 1320 821 1405 -λέμφος
850 1331 880 1384 et
908 1324 1018 1395 σάννας
1046 1330 1079 1382 ut
1100 1325 1328 1401 Aristophaneas

164 1423 277 1498 glossas
304 1425 381 1484 inter
409 1423 605 1509 βλασφημιῶν
633 1426 796 1500 fragmenta
824 1427 935 1504 recepit
966 1422 1072 1485 Nauck
1100 1426 1164 1503 (fig.
1191 1427 1251 1502 22).
1276 1429 1329 1486 scd

164 1530 283 1602 apparet
304 1521 419 1609 λέμφος
441 1527 569 1604 glossam
591 1532 627 1588 ab
649 1531 803 1590 Eustathio
826 1549 864 1588 ex
887 1530 990 1588 eodem
1023 1529 1117 1605 capite
1141 1547 1208 1587 esse
1232 1547 1329 1606 sump-

164 1634 224 1686 tam
235 1629 313 1688 unde
326 1629 443 1700 σάννοις.
466 1649 534 1689 nam
545 1633 625 1691 unde
638 1633 712 1692 scire
730 1633 831 1710 potuit,
855 1627 969 1713 λέμφος
981 1649 1048 1690 esse
1066 1625 1142 1698 λέξιν
1159 1631 1261 1713 καινὴν
1278 1633 1329 1691 καὶ

165 1737 223 1802 τοῖς
244 1729 368 1800 πολλοῖς
390 1731 448 1809 (rel
470 1732 615 1812 παλαιοῖς)
639 1729 778 1818 ἀσυνήθη
801 1735 860 1793 nisi
883 1753 900 1793 e
922 1734 1016 1810 capite
1040 1732 1125 1813 „cept
1151 1729 1328 1813 καινοτέρων

165 1829 313 1900 λέξεών9θ
336 1835 522 1911 interpolavit
537 1855 609 1896 sane
624 1837 705 1896 Nost.
724 1856 805 1896 more
822 1855 875 1895 suo
887 1837 1090 1913 Aristophanis
1106 1837 1194 1894 verba
1209 1837 1328 1912 aliems3

166 1952 204 1992 ex
232 1935 426 2013 Aristophane
455 1939 611 2016 descripsit
632 1941 721 1998 verba
750 1934 825 2000 ὅθεν
854 1937 904 1999 καὶ
932 1933 1046 2020 λέμφος
1070 1974 1111 1979 -
1136 1934 1328 2022 ἐξαπατῆσαι,

166 2036 278 2112 reliqua
295 2039 420 2098 aliunde.
426 2039 450 2116 1)

255 2137 317 2212 Quo
359 2142 480 2200 consilio
517 2163 665 2222 quemque
702 2147 739 2204 ad
776 2147 867 2202 finem
906 2143 1115 2219 Aristophanes
1154 2144 1209 2201 hoc
1245 2149 1331 2220 caput

168 2241 316 2317 scripserit
339 2261 426 2320 supra
452 2247 511 2304 iam
538 2247 609 2306 dixi.
639 2267 696 2324 quo
725 2249 761 2306 de
795 2247 916 2305 consilio
950 2246 1089 2304 certiores
1122 2245 1192 2303 facti
1228 2263 1330 2304 sumus

165 2343 250 2402 titulo
267 2346 377 2422 capitis
399 2347 430 2404 in
445 2348 477 2406 M
491 2350 629 2408 erdribito.
660 2351 732 2408 ratio
748 2327 854 2423 autern,
871 2367 1006 2426 quarem
1022 2365 1105 2406 suam
1120 2348 1330 2424 Aristophanes

167 2447 268 2520 egerit,
291 2450 417 2525 perspici
439 2468 498 2509 non
521 2456 617 2528 potest
638 2453 697 2510 nisi
720 2471 757 2511 ex
779 2452 939 2510 Nastathio,
964 2469 1026 2510 exc.
1043 2449 1073 2507 M
1089 2454 1119 2508 ct
1132 2451 1330 2524 fragmentum

167 2548 334 2609 Parisinum
360 2553 474 2610 nullam
501 2555 562 2612 lere
589 2555 746 2612 utilitatem
773 2554 954 2630 praeberent,
981 2553 1038 2611 nisi
1065 2571 1119 2628 per
1144 2552 1330 2612 Eustathium

168 2652 381 2728 supplerentur.
405 2656 515 2713 etenim
539 2657 615 2731 quod
644 2657 676 2713 in
699 2656 953 2732 grannnaticorum
968 2660 1103 2714 vetemm
1119 2655 1202 2712 libris
1225 2657 1331 2730 pretio-

168 2753 318 2812 sissimum
362 2757 526 2816 litterarum
564 2759 749 2834 antiquarum
792 2759 950 2833 cognitioni
1003 2757 1196 2815 utilissimum
1239 2758 1331 2817 doctis

167 2855 283 2914 illorum
306 2862 471 2935 temporum
495 2861 601 2919 studiis
624 2867 703 2920 recte
726 2863 861 2936 iusteque
877 2859 1040 2919 iudicandis
1063 2860 1331 2919 commodissimum

168 2964 221 3032 est,
253 2961 420 3019 testimonia
453 2963 517 3022 dico
551 2969 684 3023 veterum
717 2965 891 3040 scriptorum
925 2960 1078 3044 (χρήσεις),
1113 2961 1144 3018 id
1166 2962 1329 3021 incredibili

167 3063 387 3138 compilatorum
415 3066 638 3139 byzantinorum
671 3067 859 3142 neglegentia
892 3067 1064 3142 frequentor
1098 3063 1214 3123 silentio
1249 3085 1331 3141 prae-

168 3159 337 3222 termissum
372 3172 423 3225 est.
458 3155 537 3227 idem
570 3169 758 3245 Aristophani
791 3169 932 3242 Byzantio
966 3165 1072 3226 accidit
1098 3165 1130 3222 in
1154 3167 1184 3224 M
1207 3171 1237 3225 et
1259 3168 1331 3243 frag.

167 3265 267 3340 Paris,
301 3269 351 3326 ubi
386 3288 423 3327 ne
456 3289 549 3328 unum
589 3272 708 3347 quidem
741 3271 944 3330 testimonium
982 3276 1085 3330 exstat.
1120 3289 1154 3329 eo
1192 3270 1331 3328 maiorem

258 3479 279 3543 1)
298 3471 374 3532 locus
392 3496 406 3532 e
427 3481 550 3546 quattuor
568 3480 665 3548 glossis
685 3481 847 3546 compositus
862 3482 904 3552 est
920 3479 1008 3532 hisce:
1029 3480 1051 3532 1.
1065 3479 1159 3550 λέμφος
1171 3479 1191 3551 ἡ
1203 3486 1331 3549 πεπηγυῖα

168 3564 240 3631 μώξα.
268 3565 292 3616 2.
320 3565 415 3635 λέμφος
440 3564 453 3616 ὁ
482 3563 593 3637 εὐήθης,
624 3563 710 3634 ἐπειδὴ
734 3563 769 3626 εἰς
788 3564 883 3635 μωρίαν
905 3563 1050 3617 διέσκιυπτον
1072 3566 1130 3626 τοὺς
1155 3563 1286 3635 ῥεομένους
1305 3563 1332 3614 ἐκ

168 3657 215 3700 τών
233 3650 370 3722 μυκτήρων.
394 3649 420 3702 3.
439 3648 563 3719 ἀπομώξαι
581 3653 607 3702 τὸ
628 3650 790 3720 ἐξαπατῆσαι.
809 3648 834 3700 4.
853 3648 942 3719 λέμφοι
959 3653 990 3701 τὰ
1010 3647 1115 3722 μυξώδη
1132 3649 1201 3718 κρέα.
1220 3647 1333 3714 primam

169 3733 283 3801 glossam
301 3734 402 3786 eisdem
421 3732 511 3786 verbis
529 3735 734 3802 interpretantur
747 3733 866 3801 Hesych.
886 3733 1080 3798 Photllloeris
1100 3732 1189 3799 itaque
1208 3748 1223 3784 e
1243 3731 1333 3784 lexico
1377 3728 1380 3734 '

167 3818 299 3871 rhetorico
317 3818 351 3872 ab
361 3818 503 3871 Eustathio
522 3821 654 3887 sumptam
673 3834 732 3871 esse
741 3817 858 3870 arbitror.
878 3819 907 3872 in
925 3818 1006 3871 altera
1021 3816 1116 3885 glossa,
1137 3833 1215 3884 quam
1226 3817 1330 3869 Aristo-

169 3903 296 3968 phaoeam
324 3919 428 3970 censeo,
459 3903 618 3970 explicanda
645 3919 722 3955 nemo
750 3901 839 3955 verbis
868 3919 929 3955 cum
952 3902 1092 3956 Eustathio
1121 3901 1256 3968 conspirat
1286 3902 1331 3969 (cf.

170 3985 240 4039 Suet.
260 3987 352 4058 βλασφ.
372 3986 407 4049 εἰς
426 3988 526 4057 μώρους
544 4005 584 4054 ap.
603 3987 692 4040 Miller
709 3987 844 4053 Melangcs
863 4005 887 4054 p.
900 3987 961 4054 421,
980 3987 1100 4054 Hesych.
1119 3985 1197 4038 Phot.
1216 3985 1332 4056 λέμφος).

169 4071 248 4123 tertia
266 4072 361 4139 glossa,
389 4073 442 4125 etsi
460 4073 492 4125 ab
511 4072 699 4138 Aristophanis
718 4071 830 4124 consilio
854 4088 901 4138 per
918 4087 947 4124 se
966 4070 1060 4136 aliena,
1080 4073 1169 4123 minen
1192 4070 1331 4123 memorari

170 4155 268 4221 potuit:
296 4155 364 4209 solet
381 4157 452 4209 enim
480 4158 525 4209 Ar.
545 4155 610 4224 Byz.
640 4156 729 4208 doctas
749 4171 811 4208 suas
839 4156 1034 4222 disputationes
1061 4153 1213 4207 minoribus
1241 4171 1331 4206 ornare

169 4239 398 4294 observationibus
417 4242 461 4311 (ef.
480 4240 599 4308 Hesych.
625 4239 777 4308 ἀπομώττειν·
802 4240 932 4304 ἐξαπατᾶν,
956 4239 1102 4311 γοητεύειν),
1131 4237 1212 4291 verba
1238 4238 1331 4290 καὶτὰ

169 4322 272 4395 μυξώδη
289 4326 352 4396 κρέα
368 4325 457 4396 λέμφοι
476 4325 609 4378 ἐκαλοῦντο
628 4325 685 4376 iure
704 4323 798 4376 Nauck
814 4323 985 4390 Aristophani
1004 4323 1170 4376 abiudicavit
1189 4323 1232 4390 (ol.
1253 4321 1330 4374 Phot.

170 4424 191 4459 s
210 4425 236 4461 ν.
256 4408 363 4479 λέμφοι).
