3106 4994
715 323 752 378 15

683 528 814 610 ,ψελλόν
838 526 899 590 ἐστι
922 532 972 593 καὶ
994 528 1080 589 καλεῖ

364 635 417 716 τὴν
441 628 549 713 ἄρκτον
573 628 669 712 ἄρτον,
693 633 753 720 τὴν,
771 631 803 692 δέ
827 627 915 712 Τυρὼ
939 626 1105 716 τροφαλίδα

367 737 401 796 τὸ
426 730 526 795 δ’ἄστο
550 738 655 796 σῦναιί.
679 737 739 811 (Ar.
763 736 818 810 frg.
843 733 927 811 53'1.)

151 837 292 900 τοῦτοδὲ
307 840 334 898 τί
347 835 441 920 δηλοῖ,
453 839 585 917 περιττόν
598 835 660 897 ἐστι
672 839 793 917 φράσαι.
823 831 909 916 ἀρκεῖ
919 835 951 896 δὲ
965 839 1055 919 μόνον
1068 833 1318 918 ἐπισημήνασθαι,

153 937 194 1014 ὡς
218 934 252 1001 οὐ
276 938 375 1020 ψελλὰ
397 939 435 1000 τὰ
458 933 599 1022 εἰρημένα
621 941 739 1019 κυρίως,
764 934 791 998 εἰ
814 941 861 1022 μή·
870 957 914 1008 τις
929 947 988 999 πᾶν
1011 937 1125 998 παιδίον
1150 939 1190 1020 μὴ
1216 945 1320 1021 σαφως

155 1041 360 1125 διαλεγόμενον
392 1038 588 1121 ψελλίζεσθαι
627 1037 715 1118 λέγει,
749 1037 849 1102 ὁποῖόν
876 1061 902 1101 τι
929 1041 980 1101 καὶ
999 1035 1153 1121 Αἰσχὺλος
1167 1121 1171 1132 Ι
1187 1041 1320 1119 φαίνεται

153 1144 262 1228 δηλοῦν
295 1139 326 1204 έν
359 1153 400 1224 τῷ
442 1141 576 1225 ,ψελλόν
614 1163 644 1203 τε
677 1145 728 1203 καὶ
765 1141 965 1225 δυσειὸρετονίι
1003 1143 1108 1230 (Prom.
1148 1143 1231 1218 816).
1270 1141 1320 1200 aad

153 1254 281 1308 τοιοῦτον
320 1247 372 1328 μὲν
409 1244 460 1305 καὶ
497 1253 593 1306 τοῦτο.
651 1244 762 1328 φελλὸς
799 1248 927 1322 glossam
965 1247 1114 1322 exstitisse
1152 1245 1184 1302 in
1224 1245 1318 1320 capite

154 1351 365 1425 Aristophaneo
389 1353 500 1407 constat
524 1367 562 1407 ex
583 1350 637 1424 frg.
662 1349 726 1407 Par.
750 1353 766 1421 ξ
791 1354 819 1422 6,
842 1351 907 1408 ubi:
937 1347 988 1406 aad
1011 1344 1130 1427 φελλός,
1154 1365 1209 1405 nec
1223 1347 1315 1422 plura.

155 1453 207 1512 sed
230 1470 305 1528 quae
329 1451 472 1526 descripsi
494 1451 680 1509 Eustathium
707 1470 745 1510 ex
772 1452 965 1527 Aristophane
994 1451 1101 1508 habere
1129 1451 1219 1508 fidem
1252 1449 1321 1506 facit

155 1553 359 1621 Antiatticista,
389 1553 439 1628 qui
462 1554 589 1612 eundem
611 1554 752 1626 Aeschyli
775 1554 872 1611 locum
895 1553 1003 1612 excitat
1028 1556 1098 1625 116,
1126 1557 1163 1611 18
1194 1549 1316 1632 φελλὸς·

149 1650 302 1735 Αἱσχιὸλος
330 1649 498 1736 Προμηθεῖ.
542 1650 660 1714 τέθεικε
689 1653 721 1714 δὲ
755 1655 808 1736 τὴν
843 1649 921 1722 λέξιν
956 1652 1004 1714 ἐπὶ
1043 1661 1095 1714 τοῦ
1134 1662 1238 1732 σαφως
1277 1655 1319 1735 μὴ

157 1751 323 1839 εἰρημένου.
371 1776 406 1814 ao
434 1757 571 1816 similiter
598 1759 738 1832 Aeschyh
766 1758 864 1816 loomn
893 1759 956 1816 eius
986 1757 1140 1816 scholiasta
1179 1756 1319 1831 explicat:

157 1854 217 1918 ἀπὸ
241 1866 412 1942 μεταφοράς
441 1867 499 1918 τῶν
528 1855 723 1939 ψελλιζόντων
753 1853 877 1919 παιδίων
904 1859 955 1918 aad
982 1853 1132 1936 ἄγνωστον
1161 1857 1321 1917 acrobatae

156 1961 190 2020 τὸ
203 1955 348 2042 λαληθέν.
383 1963 501 2037 proprie
525 1962 605 2020 enno
621 1958 731 2041 ψελλός
747 1963 906 2035 „blaesus“
929 1966 988 2037 est;
1005 1961 1215 2037 Aristophanes
1231 1960 1323 2034 igitur

157 2063 316 2136 Byzantius
329 2064 505 2122 testimoniis
517 2064 719 2140 Aristophanis
742 2065 845 2123 comici
868 2069 898 2123 et
920 2063 1060 2137 Aeschyh
1082 2064 1177 2121 allatis
1206 2058 1318 2141 φαλλός

158 2165 289 2223 vocabuli
311 2183 399 2224 usum
421 2165 591 2240 generalem
613 2166 672 2224 iam
694 2167 822 2243 antiquis
846 2166 1034 2242 scriptoribus
1057 2165 1207 2240 cognitum
1229 2164 1322 2222 fuisso

157 2266 402 2345 demonstravitl)

246 2369 399 2428 Rationem
423 2388 497 2446 quae
512 2371 589 2429 inter
611 2371 836 2446 Aristophanem
859 2378 889 2429 et
911 2369 1320 2429 Antiatticistam'intercedat

158 2471 248 2530 vides.
294 2472 392 2548 itaque
419 2478 538 2548 propter
564 2473 777 2531 Antiatticistae
811 2490 988 2531 consensum
1014 2473 1113 2531 nescio
1147 2489 1185 2528 an
1220 2471 1322 2546 capitis

159 2573 363 2650 Aristoplranei
407 2575 514 2648 glossis
551 2575 619 2631 addi
661 2575 754 2650 possit
781 2579 870 2656 κῦμα.
910 2579 1045 2650 quatbtor
1072 2573 1145 2632 locis
1187 2573 1335 2649 (11656,

158 2678 212 2736 58.
254 2680 346 2750 1234,
386 2681 436 2735 42.
484 2680 577 2746 1640,
618 2681 667 2736 60.
717 2681 809 2749 1681,
855 2679 907 2756 42)
962 2683 1042 2759 stirpat
1091 2676 1264 2734 vocabulum
1306 2693 1321 2732 a

157 2777 305 2836 veteribus
340 2773 405 2838 ἀντὶ
438 2785 491 2837 τοῦ
527 2777 629 2861 stippa
663 2797 729 2838 esse
765 2785 938 2855 usurpatum
971 2778 1120 2836 adnotavit
1152 2777 1322 2836 Bustatltius

159 2897 281 2954 eamque
319 2881 550 2940 observationem
587 2881 752 2940 testimonio
790 2900 828 2940 ex
864 2881 1014 2956 Euripidis
1049 2881 1198 2953 Cercyona
1232 2879 1322 2956 petito

159 2981 326 3061 ,γέμουσαν
341 2981 473 3063 αι’)ματος
487 2979 684 3063 θεοσπόροι)ιι
708 2985 772 3061 (frg.
792 2983 865 3061 107)
881 2984 996 3042 ornavit
1006 2982 1038 3061 ²),
1054 2983 1136 3040 nullo
1149 2987 1247 3040 tamen
1259 2982 1322 3040 loco

158 3083 237 3141 unde
259 3083 333 3142 haec
355 3085 495 3144 derivarit
516 3085 664 3145 indicavit.
710 3087 935 3164 Aristophanem
959 3085 1133 3160 Byzantium
1161 3084 1226 3142 eius
1256 3103 1322 3141 auc-

158 3190 252 3244 torem
275 3186 368 3244 fuisse
391 3188 521 3263 suspicor
543 3194 662 3264 propter
683 3190 802 3247 Antiati.
830 3193 901 3262 104,
925 3181 1322 3270 carpobalsamum.

247 3288 310 3346 Iam
333 3288 483 3364 quaeritur
503 3309 576 3348 num
598 3291 794 3349 Antiatticista
817 3297 933 3350 auctore
961 3309 1034 3350 usus
1064 3289 1104 3348 sit
1129 3290 1322 3364 Aristophane

158 3391 307 3464 Byzantio.
342 3391 497 3450 affirmavit
513 3393 612 3467 Bergk
635 3391 725 3470 (Poet.
740 3394 796 3466 lyr.
819 3393 868 3453 Gr.
885 3393 918 3452 13
942 3394 1015 3469 284)
1039 3398 1156 3470 propter
1179 3386 1322 3472 Ἀθηναῖοι

159 3493 294 3568 glossam.
340 3495 376 3551 ab
410 3493 464 3552 hac
495 3495 615 3570 quidem
649 3495 747 3570 glossa
785 3496 893 3572 pendet
926 3496 1066 3572 quaestio
1105 3494 1158 3552 sed
1195 3494 1323 3568 primum

160 3596 359 3673 quaerendum
388 3601 440 3669 est,
470 3597 536 3672 quis
571 3604 601 3656 et
634 3616 691 3674 quo
719 3603 850 3673 tempore
878 3598 967 3656 fuerit
994 3597 1046 3655 ille
1070 3591 1321 3678 Ἀντιαττικιστής.

161 3715 248 3774 quam
271 3698 472 3774 quaestionem
495 3700 645 3776 expedivit
666 3699 764 3758 Nabar
780 3697 872 3776 (Phot
888 3698 1002 3774 Proleg.
1019 3717 1045 3774 p.
1072 3703 1111 3759 97
1138 3697 1239 3779 seqq),
1255 3717 1323 3756 cum

250 3852 271 3917 1)
291 3853 383 3905 eodem
400 3854 454 3906 fere
473 3853 550 3906 modo
569 3853 756 3920 Aristophanis
775 3852 919 3906 consilium
937 3852 1084 3920 explicavit
1097 3852 1158 3906 Otto
1176 3852 1324 3906 Schneider
1380 3850 1385 3866 ”

161 3935 229 4002 (Jen.
248 3935 384 4004 Litt-Ztg.
414 3937 483 3990 1848
500 3955 526 4005 p.
545 3937 607 4004 918)
627 3954 696 4004 „von
725 3937 820 4009 φελλὸς
849 3939 965 4008 (mbchte
993 3941 1037 3991 Ar.
1067 3938 1185 3991 bemerkt
1211 3938 1321 4003 haben),

161 4020 224 4072 dass
244 4037 274 4073 es
292 4021 368 4074 nicht
386 4021 443 4075 blos
462 4021 513 4074 den
532 4021 639 4074 blaesus
657 4023 712 4075 und
736 4023 837 4087 balbusq
862 4023 975 4076 sondern
999 4023 1067 4075 auch
1083 4022 1144 4090 Jede
1174 4023 1269 4076 andere
1293 4023 1322 4073 in

162 4103 251 4156 einem
268 4104 364 4158 Fchler
381 4106 427 4158 der
445 4105 535 4174 Zunga
548 4106 625 4159 nicht
637 4107 798 4176 begriindete
816 4107 1038 4161 Undeutliohlrait
1052 4107 1099 4160 der
1110 4107 1182 4160 Reda
1195 4107 1324 4159 mitunter

160 4187 236 4240 bezei
253 4189 290 4240 hn
309 4189 332 4242 .“

238 4205 272 4337 02)
291 4205 422 4341 {meteres
441 4275 535 4329 afferre
554 4277 642 4344 potuit
664 4277 761 4330 Aesch.
787 4276 850 4329 Cho,
876 4277 926 4329 128
945 4275 1021 4328 Eum.
1045 4273 1105 4328 659.
1119 4275 1236 4349 Δοοωφίιισ
1255 4273 1323 4326 illud

160 4357 321 4494 {tppabulum
341 4359 506 4426 usurpabant
522 4361 681 4428 posteriores
700 4364 731 4413 ut
749 4360 836 4429 Apoll.
855 4361 905 4413 Bh.
924 4360 972 4427 IV,
984 4359 1052 4413 1492
1071 4359 1150 4412 Leon.
1164 4358 1219 4411 Tar.
1241 4359 1322 4411 Anth.

212 4483 217 4494 .
236 4442 283 4510 VI,
302 4443 361 4496 200,
