3106 4994
705 297 723 351 5

126 504 169 582 (p.
196 509 235 565 79
259 502 337 582 not).
362 522 436 581 quae
459 505 555 582 opinio
578 523 646 564 cum
673 524 732 564 nou
761 507 950 564 confirmatur
979 503 1098 563 scholiis
1121 503 1295 576 Homericis,

116 611 194 682 *tum
221 607 344 665 refutata
376 611 422 665 est
449 607 566 667 invento
594 626 689 684 nuper
716 607 747 664 in
774 609 851 666 Atho
879 611 977 666 monte
1005 606 1113 679 codice,
1149 605 1199 664 ubi
1232 605 1295 664 fere

127 713 249 768 exstant
269 727 343 786 iprae
358 709 440 785 prius
454 714 569 768 tantum
584 727 622 768 ex
636 709 789 769 Eustathio
804 714 888 776 erant
898 709 1021 784 cognita.
1068 708 1126 766 iam
1149 707 1295 784 excerptis

126 829 206 887 quae
229 830 267 870 ex
288 811 363 870 libro
385 812 479 870 Athoo
502 811 595 870 edidit
615 812 791 871 Emmanuel
813 812 912 871 Miller
935 810 1098 889 (Melanges
1121 812 1157 871 de
1185 811 1295 869 littera-

129 919 197 972 ture
221 913 363 990 Grecque.
398 914 482 972 Paris
508 912 603 992 1868)
627 919 741 972 constat
762 915 950 973 Eustathimn
971 914 1008 972 ad
1030 913 1296 972 mauus‘lnbuisse

128 1011 241 1084 λέξεων
252 1016 530 1092 Aristophanearum
552 1017 703 1094 exemplar
724 1018 773 1076 rel
796 1017 884 1094 (quod
907 1016 1001 1091 magis
1025 1015 1122 1092 credo)
1135 1020 1279 1092 excerpta.

239 1119 384 1178 Statuerat
402 1116 507 1178 Nauck
529 1113 639 1187 λέξεων
661 1120 729 1179 libri
751 1119 958 1197 Aristophanei
980 1121 1073 1194 capita
1096 1136 1163 1179 sex:
1190 1123 1215 1179 1.
1227 1116 1297 1198 περὶ

130 1215 300 1309 ὀνομασίαςΙ
316 1214 446 1303 ἡλικιῶν.
479 1226 506 1281 2.
530 1222 599 1302 περὶ
621 1231 797 1300 συγγενικῶν
822 1217 985 1304 ὀνομάτων.
1016 1225 1043 1282 3.
1068 1221 1133 1301 περὶ
1155 1237 1296 1305 προσφω-

126 1326 255 1406 νήσεων.
303 1327 332 1382 4.
361 1323 426 1402 περὶ
454 1321 658 1407 βλασφημιῶν.
705 1321 733 1386 b.
760 1319 888 1386 Ἀττικαὶ
914 1319 1016 1394 λέξεις.
1065 1328 1093 1384 6.
1122 1318 1297 1384 Λακωνικαὶ

128 1423 272 1502 γλῶσσαι.
297 1444 422 1502 quorum
444 1426 502 1484 duo
514 1427 609 1503 priora
632 1427 663 1484 in
678 1428 780 1488 codice
792 1429 886 1486 Athoo
909 1431 1035 1500 exstant,
1051 1426 1165 1503 reliqua
1180 1425 1296 1499 desunt,

129 1529 225 1604 capita
248 1528 313 1586 dico
328 1528 397 1607 περὶ
411 1531 664 1612 προσρυνήσεων,
690 1530 817 1590 Ἀττικαὶ
832 1524 935 1603 λέξεις,
952 1524 1128 1590 Λακωνικαὶ
1149 1525 1295 1605 γλῶσσαιγ

131 1649 201 1689 nam
234 1635 321 1707 caput
354 1628 423 1710 περὶ
452 1627 646 1714 βλασφημιῶν
682 1633 872 1709 Aristophani
895 1633 1037 1707 Byzantio
1070 1631 1297 1691 abiudicandum

130 1738 185 1791 est.
208 1751 317 1792 novum
328 1750 399 1792 vero
410 1738 496 1808 caput
512 1751 551 1792 ex
567 1733 619 1792 illo
631 1735 731 1794 codice
747 1735 875 1793 innotuit
891 1735 960 1816 περὶ
977 1742 1037 1796 τῶν
1050 1727 1297 1816 ὑποπτευομένων

129 1834 173 1916 μὴ
198 1829 339 1918 εἰρῆσθαι
366 1841 428 1904 τοῖς
454 1832 593 1905 παλαιοῖς
614 1837 798 1918 inscriptum.
828 1838 912 1896 cuius
941 1838 1046 1917 capitis
1074 1838 1190 1914 glossae
1219 1838 1296 1915 apud

130 1936 317 1996 Eustathium
347 1954 415 1996 erun
444 1937 503 1998 alio
532 1939 618 1998 titulo
647 1945 772 1999 exstant.
808 1940 919 1999 codicis
941 1940 1033 2000 Athoi
1061 1941 1230 1999 simillimus
1258 1957 1297 1998 ex

131 2039 293 2116 eodemque
315 2040 473 2116 archetypo
495 2040 638 2100 deductus
661 2047 707 2101 est
729 2043 790 2101 cod.
802 2043 1017 2102 Laurentianus
1029 2044 1101 2120 plut.
1111 2042 1232 2117 LXXX,
1247 2047 1296 2116 13,

129 2159 221 2216 quern
243 2141 401 2221 descripsit
415 2141 589 2201 Fresenius:
615 2143 668 2202 sed
688 2145 715 2202 is
730 2145 824 2204 codex
844 2164 937 2204 unum
952 2150 1067 2204 tantum
1082 2151 1169 2222 caput
1185 2145 1297 2205 Aristo

130 2244 279 2318 pheneum
309 2241 386 2324 (περὶ
415 2253 592 2320 συγγενικῶν
623 2239 790 2330 ὀνομάτων)
829 2249 955 2307 exhibet.
1002 2266 1128 2324 quorum
1161 2249 1297 2308 codicum

132 2345 239 2405 notitia
272 2346 338 2405 ideo
372 2346 500 2406 maxime
523 2347 605 2406 utilis
628 2353 682 2424 est,
717 2351 795 2427 quod
817 2351 909 2410 multa
931 2351 1096 2428 fragmenta
1117 2369 1199 2427 ¹quae
1221 2351 1298 2427 apud

132 2446 307 2523 Nanckiurn‚
331 2450 409 2525 quod
431 2448 527 2508 titulis
550 2452 696 2526 carebant,
721 2453 800 2511 sedis
824 2458 908 2512 erant
930 2453 1060 2514 incertae
1083 2469 1164 2512 nunc
1186 2458 1298 2512 certain

132 2551 263 2610 obtinent
297 2551 398 2612 sedem
427 2552 473 2628 (cf.
501 2552 659 2612 Fresenius
686 2573 712 2630 p.
743 2553 803 2631 20).
832 2555 1029 2632 archetypum
1064 2573 1165 2616 eorum
1196 2555 1298 2614 multis

131 2650 205 2714 locis
228 2659 397 2730 corruptum
420 2659 451 2713 et
465 2653 634 2713 mutilatum
656 2655 749 2715 hiisse
770 2657 921 2716 codicibus
944 2657 1005 2716 illis
1020 2659 1098 2717 inter
1122 2674 1154 2716 se
1178 2661 1208 2716 et
1230 2675 1298 2715 cum

130 2755 282 2814 Eustathio
305 2753 419 2815 collatis
442 2756 679 2817 luculentissime
701 2764 828 2836 apparet.
874 2759 1010 2818 Eustathi
1032 2760 1183 2836 exemplar
1205 2760 1298 2818 inulto

132 2864 195 2916 erat
208 2859 342 2934 plenius:
366 2858 534 2917 testimonia
549 2861 725 2936 scriptorum
741 2859 886 2943 (χρήσεις)
909 2862 1080 2938 frequenter
1094 2863 1130 2920 ab
1146 2862 1298 2921 Eustathio

132 2960 246 3018 laudata
269 2961 365 3019 omnia
388 2962 451 3020 fere
473 2980 491 3018 a
513 2959 588 3021 codd
611 2961 667 3020 ML
689 2965 803 3022 absunt.
815 2963 838 3042 1)

136 3143 160 3196 1.
182 3133 275 3219 Περὶ
293 3145 363 3198 τῶν
391 3131 709 3222 ὑποπτευομένων
732 3141 778 3223 μὴ
802 3135 982 3226 εἰρῆσθαι
1002 3148 1082 3212 τοῖς
1108 3140 1295 3216 παλαιοῖς.

218 3279 390 3338 Eustathius
418 3299 444 3356 p.
472 3285 565 3354 1761,
595 3286 636 3341 20
666 3284 767 3358 plures
796 3283 913 3360 glossas
943 3285 1082 3361 deinceps
1110 3285 1222 3364 profert
1250 3285 1297 3342 his

132 3383 245 3441 verbis:
276 3377 349 3442 ὁδὲ
371 3382 424 3442 τὸν
447 3384 558 3444 σάνναν
585 3390 690 3444 τοῦτον
719 3387 1015 3469 παρασημηνάμενος
1044 3381 1256 3470 Ἀριστοφάνης
1281 3381 1296 3446 ὁ

131 3485 331 3566 γραμματικὸς
341 3484 364 3563 ²)
397 3483 449 3544 καὶ
477 3480 572 3554 ἄλλας
600 3479 747 3547 ἐκτίθεται
782 3490 1038 3573 καινορῶνους
1072 3484 1206 3560 λέξεις,
1235 3483 1296 3549 οἷον

132 3580 255 3646 έσιλλαν
270 3585 332 3646 κτλ.
350 3587 495 3645 similibus
510 3607 536 3663 p.
556 3592 627 3662 279,
645 3593 745 3652 38...
761 3586 817 3660 ,ὡς
833 3585 849 3651 ὁ
865 3591 1068 3674 γραμματικὸς
1077 3585 1297 3674 Ἀριστοφάνης

132 3685 297 3770 παρέπηξεν
320 3683 364 3758 οἷς
387 3687 445 3772 ἔφη
469 3687 550 3770 περὶ
573 3695 792 3774 καινοτέρων
815 3688 957 3761 λέξεων.
987 3694 1094 3770 quibus
1109 3693 1203 3752 titulis
1219 3694 1297 3752 nihil

11 3805 14 3814 ·
131 3791 231 3850 tribuit
256 3791 371 3866 Nauck,
404 3812 473 3852 cum
496 3796 607 3855 diceret
641 3796 677 3872 (p.
711 3800 769 3856 181
795 3801 853 3854 not.
881 3797 923 3873 ll:
959 3797 1029 3870 „sed
1064 3815 1136 3873 qiics
1159 3796 1244 3856 Eust.
1269 3816 1295 3872 p.

134 3897 204 3964 279,
229 3898 269 3954 38
288 3915 313 3972 p.
336 3900 428 3970 1761,
455 3901 502 3957 19.
529 3902 568 3958 23
593 3900 680 3959 affert
694 3898 868 3979 καινοτέρας
892 3903 922 3957 et
943 3897 1048 3971 καινὰς
1067 3897 1118 3959 καὶ
1134 3893 1296 3982 ἀσυνήθεις

132 3995 194 4056 sive
227 3999 430 4081 καινορῶνους
463 3994 565 4073 λέξεις,
601 4001 638 4060 iis
678 4019 764 4060 nemo
798 4001 925 4076 amplius
960 4001 1125 4077 opinabitur
1159 4002 1295 4062 ordinem

219 4153 239 4216 ¹)
259 4151 285 4204 Μ
304 4153 362 4206 etL
379 4154 642 4209 litterisFreseuium
661 4158 770 4209 secutus
781 4157 898 4209 Athenin
916 4159 943 4209 et
962 4155 1169 4210 Laiueutianum
1189 4157 1295 4210 codices

132 4234 287 4302 significavi.

218 4325 239 4390 2)
263 4327 302 4379 sic
331 4327 405 4381 Eust.
430 4329 637 4397 Aristophanem
666 4331 815 4383 omnibus
844 4328 910 4382 locis
939 4328 1039 4396 laudat,
1073 4329 1118 4382 ubi
1147 4328 1295 4397 glossarum

132 4408 265 4476 exemplar
282 4410 356 4464 adiit.
